3625 5367
258 316 298 374 70
770 315 798 371 l.
823 329 914 373 naeu.
939 313 1079 387 eut-⁶26.

258 486 372 553 neque
388 468 504 553 parcat
525 464 553 529 ei
572 462 693 529 oculus
705 470 797 545 tuuS,
816 470 853 529 ut
868 463 1063 530 miserearis
1077 468 1111 529 et
1129 462 1277 529 occultes
1296 484 1386 541 eum,
1403 463 1461 529 sed
1478 464 1593 530 statim

176 567 179 579 ’
259 569 459 649 interficies;
475 576 508 636 et
522 590 555 633 v.
574 577 613 636 15
629 591 699 658 seq.
719 562 930 637 habitatores
944 570 1038 636 urhis
1053 569 1260 636 idololatrae
1273 570 1489 658 percutiendi
1502 575 1591 645 suni,

262 676 343 743 urbs
356 683 389 742 et
399 676 512 741 omnia
528 676 692 765 usquead
708 698 831 764 pecora
846 676 1008 743 delenda.
1023 675 1226 741 llathathias
1241 684 1341 763 ἄρχων
1353 698 1413 742 suo
1427 675 1502 742 iure
1514 698 1595 743 usus

261 782 448 850 secundum
469 781 582 868 legem
602 804 680 848 eum
704 783 902 865 trucidavit,
917 782 976 872 qui
996 784 1031 849 in
1050 782 1205 848 omnium
1222 787 1406 872 conspectu
1423 805 1499 849 eam
1514 805 1595 872 per·
1620 799 1623 807 '

263 888 411 979 petravit
433 889 738 956 abominationem.
761 894 991 979 inspectorem
1017 911 1155 978 quoque
1179 888 1315 974 regium
1334 890 1394 978 qui
1419 889 1463 956 ad
1486 889 1595 979 impia

265 995 431 1063 sacrificia
447 995 595 1082 cogebat
619 996 756 1079 occidit,
779 996 827 1063 ita
841 997 954 1063 zelum
974 994 1062 1082 legis
1082 995 1260 1078 exhibens,
1279 994 1329 1062 uti
1347 995 1430 1062 olim
1452 996 1597 1063 Phineas

232 1150 238 1161 .
263 1103 374 1191 (Num.
391 1102 497 1191 ΞΜ).

307 1208 543 1274 Narratiouem
568 1210 732 1299 Iosephus
750 1210 967 1299 aliquantum
993 1214 1147 1290 exornat,
1175 1209 1395 1277 llathathiam
1415 1232 1491 1276 curn
1514 1209 1595 1276 filiis

264 1313 332 1382 suis
348 1314 547 1382 machaeras
561 1316 916 1404 (necttaglgerentibus
930 1316 966 1381 in
980 1319 1092 1383 virum
1108 1316 1207 1383 illum
1222 1315 1377 1397 irruisse,
1394 1323 1428 1382 et
1441 1317 1595 1405 apellem

264 1421 475 1510 praefectum
496 1423 629 1507 regium
653 1422 713 1511 (rba
735 1422 913 1511 στρατη-γὲν)
934 1444 1096 1490 unacum
1111 1424 1230 1513 paucis
1247 1422 1414 1491 militibus
1428 1445 1500 1490 esse
1521 1430 1595 1492 tru-

265 1526 417 1594 cidatum
444 1528 571 1618 (antiq.
596 1528 737 1617 12,6,2).
766 1530 840 1597 Alio
870 1530 946 1595 loco
968 1529 1064 1617 (Bell.
1089 1531 1122 1617 1)
1150 1551 1230 1595 eum
1249 1530 1487 1624 nominaverat
1512 1536 1595 1599 Bac-

265 1633 412 1701 ebidem.

596 1852 623 1911 8.
638 1851 768 1912 Initium
782 1814 1046 1930 atiriaaattontepro
1063 1853 1118 1930 leue
1133 1855 1266 1925 nit-48.

306 2064 380 2125 nit.
403 2066 435 2113 lit
455 2066 615 2117 exetantouit
633 2068 797 2118 liuthottu'as
815 2082 874 2119 aare
961 2058 1044 2130 ⁶237.
1068 2056 1122 2115 Kal
1142 2055 1267 2136 οἷνέκραξε
1283 2056 1440 2125 Ματταθίας
1454 2058 1529 2135 ἐντῇ
1547 2056 1599 2113 τιό-

269 2166 369 2216 ntapnn
394 2154 425 2204 in
448 2156 556 2205 ciuitate
576 2158 665 2206 dicens
690 2173 697 2206 :
721 2158 806 2207 omnis
828 2159 875 2219 qui
921 2148 961 2203 λει
988 2150 1062 2227 ιρωνῗΙ
1087 2146 1191 2225 μεγάλῃ
1217 2144 1311 2224 λέγων·
1336 2156 1388 2212 πᾶς
1417 2149 1430 2203 ὅ
1452 2146 1537 2214 ζηλῶν
1560 2146 1598 2224 τῷ

269 2242 357 2291 return
372 2242 450 2292 babet
471 2244 537 2307 lepis
556 2252 676 2295 statuens
692 2253 875 2296 testamentum
921 2233 993 2313 νόμῳ
1007 2234 1052 2293 καί
1063 2237 1143 2293 ἱστῶν
1156 2233 1284 2307 διαθήκην
1297 2233 1423 2303 ἐξελθέτω
1435 2235 1520 2293 ὀπίσω
1535 2256 1596 2309 μου.

270 2337 345 2380 εσθαι
359 2339 420 2397 post
437 2346 482 2381 me.
506 2334 548 2382 28.
571 2336 602 2383 Et
617 2334 689 2398 sapit
704 2337 760 2400 ipae
780 2342 803 2385 et
822 2334 875 2399 filii
922 2325 971 2383 ⁵28.
992 2324 1044 2383 itai
1059 2323 1153 2403 ἔφυγον
1165 2323 1242 2391 αὐτὸς
1256 2324 1302 2383 καί
1313 2326 1337 2381 ol
1352 2322 1403 2382 ulol
1421 2325 1500 2383 αὐτοῦ
1518 2327 1554 2390 εἷς
1566 2323 1598 2379 rh

271 2420 328 2468 eius
343 2422 374 2469 in
392 2428 491 2471 montes
507 2430 529 2471 et
550 2422 717 2485 reliquerunt
733 2438 876 2487 qttuecunt·
922 2412 970 2490 ὅρη
986 2412 1033 2471 καλ
1054 2414 1225 2490 ἐγκατέλιπον
1245 2413 1295 2473 ὅσα
1314 2403 1385 2493 εἶχον
1407 2416 1434 2470 ἐν
1457 2416 1489 2489 τῇ
1509 2415 1596 2471 πόλει.

272 2522 321 2570 que
341 2508 475 2559 habebunt
496 2512 660 2563 incivitate.
682 2514 724 2563 2¹9.
744 2514 815 2563 Turre
835 2514 876 2563 de·
923 2506 971 2562 29.
987 2502 1057 2561 Τότε
1073 2500 1225 2573 κατέδησαν
1239 2502 1334 2561 πολλοὶ
1348 2506 1483 2573 ζητοῦντες
1497 2502 1598 2559 δικαιο-

272 2599 430 2649 scenderunt
446 2600 524 2649 nautii
536 2608 691 2663 qiaoerentet
708 2602 837 2652 iudicium
853 2609 876 2651 et
923 2591 1002 2661 σύνην
1019 2592 1064 2650 καί
1080 2590 1162 2670 κρίμα
1181 2593 1217 2659 είς
1235 2592 1283 2661 τὴν
1301 2590 1399 2669 ἔρημον
1413 2594 1521 2649 καθίσαι
1535 2592 1599 2661 ἐκεῖ,

272 2686 407 2737 iustitiam
426 2690 457 2737 in
479 2690 618 2749 desertum,
642 2692 684 2740 30.
707 2698 731 2739 ot
753 2694 876 2741 sederunt
923 2682 972 2740 30.
991 2678 1065 2738 αιἰτολ
1086 2680 1130 2738 καὶ
1153 2682 1176 2739 οἱ
1195 2679 1245 2739 ulol
1265 2683 1351 2739 αὐτῶν
1372 2679 1461 2739 καλαί
1480 2689 1599 2757 γυναῖκες

272 2774 311 2823 ibi
330 2775 384 2839 iptt'
399 2783 422 2824 et
437 2776 490 2839 filii
505 2791 594 2826 eorum
609 2785 633 2827 et
649 2779 773 2828 nautieres
788 2794 875 2829 eorum
924 2771 1009 2826 αὐτῶν
1033 2768 1078 2825 καὶ
1101 2770 1134 2827 τὰ
1155 2769 1240 2840 κτήνη
1261 2771 1360 2837 αὐτῶν,
1383 2768 1424 2827 ὅτι
1450 2767 1599 2839 ἐπληθύνθη

272 2868 295 2910 et
309 2876 405 2926 pecora
416 2877 520 2924 eorum,
534 2866 661 2927 quoniam
676 2868 876 2917 inundaverunt
924 2858 966 2913 ἐπ’
983 2855 1076 2923 αὐτοὺς
1095 2859 1127 2913 at
1147 2858 1228 2917 κακοί.
1246 2860 1295 2918 3l.
1323 2857 1376 2917 Καὶ
1399 2857 1531 2936 ἀνηγγέλη
1546 2864 1600 2923 τοῖς

272 2964 353 3014 super
367 2965 408 2999 εοε
423 2952 506 3002 mulo.
524 2953 567 3003 31.
591 2955 623 3003 Et
640 2958 825 3007 renuntiatam
841 2964 877 3006 est
925 2944 1035 3023 ἀνδροίσι
1058 2950 1104 3003 τοῦ
1128 2946 1257 3024 βασιλέως
1277 2946 1321 3005 καὶ
1341 2954 1398 3013 ταῖς
1413 2946 1555 3022 δυνάμεσιν
1573 2942 1601 3003 αἳ

273 3041 341 3089 airis
356 3042 427 3103 repis
445 3046 469 3089 et
483 3044 611 3092 exercitui
626 3046 673 3106 qui
688 3050 745 3094 erat
762 3046 790 3094 iu
806 3047 877 3095 iera·
925 3024 993 3105 ἦσαν
1008 3036 1034 3091 ἐν
1044 3033 1221 3112 Ἰερουσαλὴμ
1231 3035 1306 3094 πόλει
1321 3036 1415 3110 Aeoli,
1430 3035 1470 3095 ὅτι
1485 3034 1605 3105 κατέὸη-·

273 3127 356 3177 autern
375 3131 483 3179 ciuitate
507 3132 602 3191 David,
627 3136 756 3196 quereiam
779 3135 878 3185 discet·
925 3146 974 3181 σαν
997 3123 1090 3201 ἄνδρες
1112 3124 1204 3192 οἵτινες
1226 3124 1397 3185 διεσκέδασαν
1420 3125 1468 3197 τὴν
1491 3124 1599 3196 ἐντολὴν

274 3219 369 3267 sissent
393 3220 448 3269 uiri
475 3222 585 3283 qitidum
607 3224 654 3285 qui
677 3223 878 3289 dissipaverunt
925 3218 969 3271 τοῦ
986 3212 1117 3291 βασιλέως
1136 3214 1171 3280 είς
1192 3212 1250 3279 τοὺς
1269 3214 1383 3291 κρύρους
1406 3216 1433 3272 ἐν
1453 3215 1600 3293 τῇέρήμῳ,

276 3308 432 3357 mandatum
451 3312 522 3373 repis
542 3312 572 3359 in
593 3312 650 3362 leta
669 3313 771 3363 occulta
787 3314 817 3363 in
832 3315 878 3364 de·
926 3306 974 3363 32.
1004 3302 1050 3361 καλ
1071 3300 1185 3381 ἔδραμον
1206 3302 1291 3361 ὀπίσω
1316 3304 1402 3361 αὐτῶν
1425 3303 1530 3371 πολλοί,
1554 3300 1600 3361 καί

275 3403 345 3445 serto
366 3405 389 3444 et
413 3398 542 3447 abiissent
559 3408 618 3464 poet
642 3401 703 3451 ittet
723 3402 811 3452 inniti.
834 3404 876 3453 3¹2.
925 3392 1121 3459 καταλαίόντες
1136 3390 1230 3459 αὐτοὺς
1248 3391 1429 3470 παρενέθαλον
1449 3391 1490 3451 ἐπ’
1509 3391 1601 3459 αὐτοὺς

277 3484 309 3533 Ει
334 3487 425 3533 statim
448 3498 623 3551 perrexerunt
648 3493 682 3540 ud
708 3506 750 3541 eos
770 3486 793 3541 et
816 3507 880 3542 con·
926 3480 971 3539 καλ
992 3481 1187 3552 συνεστήσαντο
1200 3483 1263 3559 πρὸς
1282 3479 1374 3545 αὐτοὺς
1390 3480 1506 3554 πολεμον
1526 3482 1599 3559 ἐντῇ

244 3580 248 3587 “
277 3575 422 3623 stituerunt
439 3577 565 3627 adversus
583 3580 773 3645 eoeproetium
790 3584 821 3631 ιἰι
838 3584 879 3631 die
926 3570 1015 3650 ἡμέρα
1035 3574 1088 3628 τῶν
1116 3570 1271 3645 σαὸθοίτων,
1295 3572 1344 3630 33.
1369 3572 1414 3627 καὶ
1445 3562 1517 3627 εἶπον
1536 3569 1602 3648 πρὸς

274 3663 462 3723 sanatorum,-
643 3705 647 3713 .
927 3659 1030 3726 αὐτοὺςΙ
1043 3658 1092 3725 ἕως
1104 3664 1148 3717 τοῦ
1158 3665 1216 3732 νῦν,
1228 3659 1374 3728 ἐξελθόντες
1387 3657 1517 3728 ποιήσατε
1531 3659 1600 3716 κατὰ

312 3753 355 3803 33.
377 3761 400 3803 et
421 3756 546 3809 dicerunt
566 3760 600 3808 od
619 3774 660 3808 eos
679 3774 687 3809 :
709 3760 836 3810 resistitis
857 3767 880 3808 ct
927 3747 970 3806 τὸν
985 3747 1061 3821 λόγον
1076 3754 1121 3806 τοῦ
1138 3749 1267 3825 βασιλέως
1282 3748 1327 3805 καλ
1342 3747 1464 3819 ζήσεσθε.
1480 3750 1530 3809 34.
1547 3748 1600 3807 Καὶ

275 3860 346 3899 nttne
368 3847 475 3898 adhuc?
494 3849 562 3897 exite
586 3855 610 3896 et
635 3848 715 3911 [acite
739 3850 881 3899 sectandum
928 3828 1012 3896 alnov·
1034 3841 1081 3895 οὐκ
1101 3836 1289 3912 ἔξελευσόμεθα
1306 3839 1365 3896 οὐδὲ
1389 3836 1534 3912 ποιήσομεν
1557 3838 1600 3896 τὸν

277 3936 384 3988 uerbum
398 3938 469 3999 repis
483 3937 617 3996 Antiochi,
635 3946 659 3985 et
673 3938 776 3987 uinetis.
793 3938 836 3989 at.
849 3939 881 3987 Et
927 3927 1003 4004 λόγον
1015 3933 1060 3983 τοῦ
1076 3926 1204 4003 βασιλέως
1216 3932 1260 3983 τοῦ
1275 3930 1305 4003 βε
1324 3928 1428 3997 ηλῶσαι
1442 3923 1602 4005 τὴνὴμέραν
1629 3947 1637 3961 ·

277 4029 401 4077 dixerunt
419 4040 426 4073 .·
443 4040 496 4075 tion
510 4027 639 4075 exibimus
655 4041 737 4088 neque
754 4026 881 4090 iaciemus
928 4019 980 4074 τῶν
995 4014 1149 4074 enititur.
1170 4018 1219 4075 35.
1241 4015 1294 4074 Καὶ
1311 4014 1440 4092 ἐτάχυναν
1456 4015 1498 4071 ἐπ’
1512 4013 1604 4080 αὐτοὺς

278 4116 385 4166 uerbum
409 4116 479 4177 repis
502 4121 529 4163 ut
550 4114 703 4179 polluamus
726 4118 794 4165 etiem
819 4118 881 4165 aab·
928 4106 1055 4179 πόλεμον.
1084 4107 1132 4165 36.
1159 4103 1213 4162 Καὶ
1236 4105 1284 4161 οὐκ
1314 4105 1492 4183 ἀπεκρίθησαν
1515 4105 1604 4170 αὐτοῖς

280 4206 410 4254 batorum.
432 4204 474 4253 35.
494 4204 525 4253 lit
541 4205 739 4255 concitauerunt
755 4208 881 4257 universus
929 4191 987 4252 οὐδὲ
1008 4195 1078 4251 λίθον
1100 4190 1246 4259 ἓνετίναξαν
1267 4194 1364 4265 αὐτοῖς,
1386 4194 1444 4251 οὐδὲ
1461 4192 1604 4272 ἐνέφραξαν

279 4308 320 4344 cos
340 4294 480 4359 proelium.
504 4292 545 4344 36.
569 4293 600 4343 lit
615 4308 670 4343 nen
689 4297 882 4360 responderunt
928 4283 988 4349 τοὺς
1002 4280 1123 4362 epipam,
1141 4284 1189 4342 37,
1207 4282 1333 4358 λέγοντες·
1347 4282 1521 4357 ἀποθάνοιμεν
1535 4282 1605 4341 ποίν-

279 4386 316 4434 eis
331 4398 377 4433 nec
394 4382 512 4447 lapidem
527 4384 656 4435 irriserunt
672 4385 702 4434 in
716 4400 757 4435 eas
776 4400 823 4435 nec
838 4400 882 4451 op·
929 4396 970 4439 τες
987 4374 1013 4429 ἓν
1027 4376 1059 4450 τῇ
1079 4370 1211 4444 ἁπλότητι
1227 4374 1313 4444 ἡμῶν·
1333 4380 1460 4449 μαρτυρεῖ
1479 4374 1519 4448 ἐφ’
1534 4375 1606 4446 ἡμᾶς

279 4474 434 4539 piton-arunt
456 4472 513 4523 loca
537 4473 648 4535 occulta,
671 4475 714 4526 37.
738 4478 880 4526 dicentes:
929 4465 942 4519 ὅ
966 4460 1073 4540 οὐρανὸς
1096 4459 1141 4519 καλ
1165 4466 1181 4533 i,
1209 4465 1243 4537 γῆ
1268 4460 1308 4519 ὅτι
1337 4461 1448 4538 α’)φίτως
1473 4460 1604 4518 &efflavit

279 4566 427 4612 moriamur
442 4576 528 4613 ornnes
544 4564 576 4615 t'n
590 4564 763 4629 simplicitate
778 4572 880 4626 nostra,
931 4558 1011 4624 ἡμᾶς.
1035 4552 1083 4611 38.
1112 4549 1166 4611 Καὶ
1189 4549 1335 4622 ἀνέστησαν
1356 4550 1397 4609 ἐπ’
1417 4548 1604 4627 αὖτοὺςέντῷ

278 4658 301 4700 et
319 4658 393 4701 testes
409 4660 485 4702 eruat
502 4667 582 4717 serpet
595 4669 642 4703 ιιω·
656 4654 754 4703 coelura
769 4661 792 4703 et
809 4660 881 4703 terro
929 4642 1038 4721 πολεμῷ
1052 4643 1106 4707 τοῖς
1118 4638 1247 4714 effluit,
1264 4640 1310 4697 καὶ
1327 4638 1456 4697 ἀπέθανον
1472 4638 1545 4697 “thol
1559 4637 1604 4697 καί

278 4742 346 4803 qttod
366 4742 464 4791 iniuste
484 4744 675 4805 perditiones.
699 4744 741 4795 38.
763 4745 795 4793 Et
811 4745 883 4793 intu-
930 4732 956 4788 ul
975 4739 1097 4809 γυναῖκες
1116 4731 1201 4787 αὐτῶν
1225 4730 1271 4787 καί
1292 4727 1326 4788 τὰ
1346 4730 1426 4788 τέκνα
1449 4730 1535 4786 miili*
1558 4728 1605 4786 ml
