3625 5367
729 363 759 420 2.
783 377 876 422 naeu.
901 362 1041 433 1,18-20.
1253 411 1259 419 .
1492 369 1548 427 291

263 517 313 580 Ex
329 511 432 578 modo
450 509 617 599 loquendi
630 509 668 576 in
681 531 714 576 v.
738 516 778 578 18
796 510 920 578 collato
934 532 1012 578 oum
1026 516 1106 595 2,16
1122 532 1226 597 agere
1240 512 1304 579 hos
1319 513 1392 581 dies
1408 524 1552 606 apparet

227 640 421 688 sermonem
443 640 512 684 esse
537 639 605 683 non
630 617 672 684 de
694 617 808 707 prima
832 617 1072 708 purificatione
1098 617 1237 707 templi,
1262 619 1320 686 sed
1352 621 1551 692 celebritate

225 724 469 794 anniversaria.
495 723 589 802 Quod
609 747 649 790 eo
669 745 806 814 quoque
830 729 936 814 patet,
961 726 1042 813 quia
1062 724 1147 792 haec
1167 725 1348 794 celebritas
1371 736 1454 796 nota
1472 753 1555 821 snp-

228 832 385 924 ponitur;
407 830 494 896 nihil
514 831 607 898 enim
624 829 761 913 dicitur,
784 852 845 898 cur
864 835 989 916 agatur
1006 837 1065 897 aut
1088 832 1261 920 quomodo
1280 835 1418 920 agenda
1431 836 1476 903 sit
1496 843 1555 904 aut
1667 905 1670 912 ,

230 939 321 1006 unde
340 937 410 1005 tale
431 958 559 1005 nomen
581 941 689 1024 gerat.
713 936 873 1003 Scribant
891 942 1019 1020 autem,
1042 942 1081 1004 ut
1102 937 1156 1004 illi
1175 937 1315 1029 quoque
1336 949 1443 1028 agant
1464 943 1555 1011 diem

234 1043 469 1136 scenopeqiae,
491 1043 515 1108 i.
544 1067 574 1113 c.
604 1048 711 1130 agant
735 1066 800 1133 per
822 1043 965 1110 modum
988 1046 1215 1134 scenopegiae
1239 1047 1296 1134 (cl.
1327 1049 1437 1138 lau),
1463 1051 1557 1141 quod

228 1173 344 1220 mense
368 1151 488 1219 Casleu
513 1156 546 1218 et
569 1148 626 1218 die
653 1156 695 1218 25
728 1154 994 1217 commemorato
1019 1149 1089 1216 iarn
1118 1151 1202 1219 satis
1230 1152 1412 1221 indicatur.
1439 1161 1559 1224 Textus

233 1280 354 1346 grecus
368 1256 598 1324 communiter
611 1257 722 1324 fertur
740 1265 833 1346 ἄγητε
848 1275 902 1365 τῇς
923 1268 1125 1344 σκηνοπηγίας
1142 1265 1192 1326 καὶ
1207 1262 1453 1348 155115ρὲςρθά
1468 1271 1558 1332 certe

226 1371 337 1432 textus
358 1386 500 1432 mancus
516 1369 580 1446 est,
603 1364 690 1430 bene
714 1362 849 1452 supplet
873 1363 960 1450 vulg
979 1362 1091 1448 diem;
1113 1363 1236 1432 melius
1256 1367 1399 1433 fortasse
1419 1376 1558 1451 1111216

227 1471 405 1562 supplebis
423 1474 475 1550 τὰς
496 1481 623 1558 ἡμέρας,
644 1474 664 1537 S
680 1472 791 1556 agatis
810 1471 900 1537 sicut
922 1471 1049 1537 testum
1067 1470 1388 1555 tabernaculorum;
1408 1475 1561 1545 dicemus

225 1578 317 1645 enim
332 1576 427 1644 vohis
440 1577 542 1644 etiam
558 1575 601 1642 dc
618 1576 717 1664 igne;
733 1579 791 1643 Fr.
813 1577 951 1665 supplet
965 1599 1005 1643 ex
1023 1583 1102 1661 10,6
1117 1584 1238 1666 τρόπον,
1255 1601 1360 1668 quam
1373 1581 1557 1649 lectionem

224 1691 246 1752 S
273 1684 463 1774 exprimere
490 1683 637 1750 videtur.
662 1683 744 1749 Huic
771 1683 964 1749 celebritati
990 1683 1061 1750 alia
1082 1683 1233 1767 additur,
1259 1708 1347 1775 quae
1372 1710 1462 1755 nova
1487 1712 1558 1757 esse

224 1792 372 1874 videtur,
406 1789 488 1879 quia
520 1790 592 1856 eius
620 1789 718 1874 origo
750 1794 823 1856 tam
851 1794 1011 1857 accurate
1041 1797 1236 1872 enarratur,
1264 1793 1338 1860 scil.
1367 1793 1440 1861 dies
1468 1795 1561 1880 ignis
1654 1819 1658 1825 ·

226 1896 369 1987 (vulg.);
405 1897 497 1962 unde
525 1896 628 1962 simul
656 1916 734 1963 cum
766 1895 932 1962 memoria
960 1895 1080 1986 templi
1114 1897 1364 1985 purificationis
1396 1901 1562 1968 recolitur

225 2005 392 2071 memoria
418 2003 521 2090 ignis.
551 2000 758 2088 intelligitur
784 2001 875 2087 ignis
899 2001 957 2067 ille
987 2002 1108 2090 quiin
1139 2002 1242 2070 altari
1265 2026 1402 2095 semper
1423 2007 1562 2075 ardebit

230 2113 319 2200 (hev.
338 2109 429 2196 512)
449 2113 483 2174 et
498 2108 571 2199 qui,
587 2108 638 2174 uti
652 2107 733 2174 inv.
755 2111 795 2174 19
808 2107 947 2190 dicitur,
966 2106 1151 2176 absconsus
1165 2115 1218 2176 est
1232 2116 1265 2176 et
1279 2110 1420 2180 demum
1432 2113 1559 2181 iterum

225 2237 385 2285 accensus
404 2217 451 2304 (v.
476 2221 530 2280 22.
558 2222 612 2281 31.
638 2214 706 2302 32).
729 2217 816 2280 llaec
839 2214 1021 2281 celebritas
1042 2214 1133 2300 ignis
1155 2215 1191 2281 in
1209 2216 1326 2305 prima
1345 2219 1559 2289 institutione

224 2324 300 2390 festi
314 2319 564 2412 purificationis
580 2342 650 2385 non
668 2319 818 2386 occurrit
834 2320 890 2408 (cf.
911 2327 927 2385 1
946 2320 1052 2386 blech.
1069 2321 1243 2409 aaa-59),
1259 2343 1373 2413 neque
1388 2324 1473 2391 alibi
1486 2327 1561 2394 eius

225 2429 373 2497 occurrit
400 2426 543 2508 mentio,
571 2447 685 2514 neque
710 2426 744 2491 in
771 2431 850 2505 2,15
876 2425 1019 2492 adeam
1049 2426 1229 2495 alluditur.
1256 2429 1350 2506 Quod
1375 2435 1397 2496 S
1420 2432 1558 2502 hahet:

223 2537 378 2604 ¹dicemus
397 2533 493 2600 vobis
515 2533 618 2618 etiam
639 2532 681 2598 de
704 2532 797 2618 igne,
824 2532 964 2621 quando
986 2532 1181 2598 aedificavit
1202 2535 1383 2602 Nehemias
1407 2543 1490 2620 etc,
1515 2541 1560 2607 ad

228 2641 461 2709 celebritatem
484 2631 659 2729 quandam
681 2638 773 2723 ignis
794 2658 884 2726 quae
907 2660 948 2703 co
967 2642 1124 2727 tempore
1143 2639 1280 2725 agenda
1299 2642 1343 2706 sit
1363 2641 1559 2713 nullatenus

203 2750 386 2828 ‘refertum
411 2768 519 2836 qnare
541 2766 619 2812 cum
641 2749 748 2811 textus
770 2765 915 2830 graecus
941 2765 1081 2812 mancus
1101 2745 1155 2825 sit,
1178 2750 1250 2813 tota
1271 2748 1357 2814 haec
1374 2750 1555 2820 celebritas

224 2878 285 2924 seu
300 2853 468 2922 memoria
483 2852 575 2939 ignis
589 2852 626 2918 in
644 2851 789 2917 dubium
805 2856 960 2929 vocatur;
977 2849 1050 2917 imo
1068 2851 1138 2918 iam
1155 2858 1297 2943 propter
1313 2855 1423 2944 ipsam
1438 2879 1556 2926 narra·

225 2962 352 3029 tionem
372 2983 440 3026 non
454 2957 628 3026 immerito
641 2958 676 3024 iu
694 2956 838 3024 dubium
853 2958 971 3024 vocari
986 2961 1107 3047 potest.

270 3074 361 3145 Quae
379 3069 471 3134 enim
488 3064 648 3132 subditur
666 3063 830 3147 narratio,
851 3086 922 3131 uon
938 3086 1008 3132 una
1021 3066 1192 3154 premitur
1207 3065 1420 3137 difficultate.
1437 3072 1555 3141 Mirum

225 3175 294 3243 iam
316 3174 450 3240 videtur
468 3171 637 3258 assignari
652 3177 786 3261 tempus
804 3169 991 3237 Nehemiae
1011 3193 1081 3259 quo
1103 3173 1271 3238 miraculo
1291 3175 1441 3261 quodam
1465 3178 1557 3262 ignis

224 3283 341 3349 altaris
363 3280 444 3346 olim
471 3277 690 3346 absconditus
710 3276 835 3342 iterum
860 3276 903 3341 sit
925 3298 1098 3343 accensus.
1124 3282 1208 3342 Nam
1229 3278 1258 3342 si
1280 3277 1371 3362 ignis
1392 3279 1452 3346 ille
1471 3282 1556 3348 olim

222 3387 289 3454 fuit
303 3385 536 3466 absconditus,
555 3384 667 3473 potius
683 3387 1024 3476 exspectaremus,.ut
1036 3383 1073 3446 in
1088 3380 1201 3472 primo
1215 3382 1329 3450 reditu
1342 3389 1375 3450 et
1389 3385 1425 3451 iu
1441 3387 1555 3476 prima

225 3493 399 3560 oblatione
415 3493 472 3558 ille
486 3489 578 3576 ignis
593 3487 838 3578 requireretur,
856 3491 891 3552 et
903 3486 953 3552 ita
966 3487 1069 3554 altari
1083 3488 1358 3556 holocaustorum
1376 3493 1555 3562 aedificato

226 3600 318 3687 ignis
348 3599 407 3665 illc
433 3604 620 3688 perpetuus
647 3595 771 3661 iterum
799 3594 1007 3660 excitaretur
1032 3616 1071 3659 ex
1098 3593 1168 3660 illis
1193 3595 1283 3681 ignis
1307 3598 1431 3684 prioris
1455 3603 1554 3689 quasi

226 3705 393 3794 reliqniis,
414 3705 463 3769 uti
485 3703 542 3769 hic
565 3707 737 3769 narratur.
765 3704 832 3766 Hac
855 3699 988 3767 ratione
1012 3699 1161 3766 habetur
1181 3707 1264 3791 apta
1283 3701 1375 3788 ignis
1398 3707 1556 3794 perpetui

225 3811 450 3889 continuatio,
469 3809 618 3876 habetur
633 3829 738 3875 nexus
756 3805 859 3897 plane
879 3812 1139 3875 consentaneus.
1156 3810 1245 3894 Ergo
1259 3809 1364 3876 talem
1379 3810 1554 3880 desidera·

226 3941 345 3986 remus
371 3916 606 3985 narrationem
630 3937 698 4004 qua
728 3913 881 3981 narratio
907 3913 1084 4002 deprimo
1107 3914 1274 3981 sacrificio
1298 3922 1376 4004 post
1404 3918 1554 3986 reditum

226 4026 316 4094 facto
337 4023 555 4113 suppleretur
577 4025 611 4087 et
631 4043 699 4110 qua
721 4043 784 4110 pro
803 4019 967 4086 Nehemia
987 4019 1062 4108 (qui
1080 4040 1151 4086 non
1172 4021 1368 4090 aedificavit
1385 4025 1555 4116 templum

227 4137 261 4198 et
283 4131 401 4215 altare)
427 4131 600 4216 legeretur
624 4126 828 4206 Zorobabel‚
854 4128 915 4216 qui
938 4125 1132 4193 aedificavit
1154 4126 1262 4196 altare
1291 4129 1350 4196 uei
1373 4134 1493 4215 lsrael,
1519 4140 1557 4202 ut

227 4237 389 4304 ollerrent
414 4238 450 4301 in
484 4258 524 4302 eo
558 4233 851 4316 holocautomata,
886 4233 975 4300 sicut
1005 4232 1172 4321 scriptum
1200 4241 1250 4302 cst
1280 4235 1318 4303 in
1347 4237 1425 4324 lege
1455 4241 1557 4326 hloysi

227 4345 334 4433 (Esdr.
353 4345 438 4432 3,·2).
456 4347 554 4408 Anno
575 4347 638 4407 515
661 4340 872 4428 completum
894 4344 944 4406 est
963 4339 1161 4407 aedificium
1179 4342 1301 4430 templi
1322 4344 1558 4434 templumque

227 4450 443 4530 dedicatum;
466 4446 646 4514 Nehemias
665 4448 780 4535 prima
794 4445 867 4512 vice
887 4445 983 4513 venit
1000 4447 1185 4513 Ierusalem
1201 4469 1292 4514 anno
1309 4454 1388 4531 tt5;
1407 4473 1468 4540 per
1481 4451 1560 4520 illos

228 4579 337 4626 annos
353 4560 497 4624 51511115
510 4551 686 4620 multoties
700 4553 867 4620 sacrificia
883 4553 1127 4632 offerebantur,
1142 4553 1234 4639 ignis
1251 4555 1395 4623 ardebat
1407 4557 1442 4623 in
1457 4557 1561 4626 altari

229 4664 518 4732 holocaustorum.
545 4665 611 4729 Cur
633 4683 673 4726 eo
696 4664 850 4748 tempore
871 4657 1023 4726 mitteret
1044 4659 1222 4727 Nehemias
1246 4661 1290 4728 ad
1313 4663 1561 4751 requirendum

228 4770 367 4858 ignem?
