3625 5367
730 374 757 431 l.
781 389 872 433 naeu.
896 376 1037 443 naa-39.
1160 389 1164 400 ·
1338 390 1341 395 ·
1510 383 1547 440 73

214 521 346 587 aditum
363 521 407 586 ad
428 520 579 587 latebras
595 522 855 603 obstruxerunt;
880 522 1016 590 sabbati
1038 524 1238 612 religionem
1259 526 1404 617 simplici
1421 530 1547 619 pietate

215 626 397 693 observare
411 626 561 698 malunt:
577 628 694 695 testari
709 633 824 697 tamen
837 636 992 697 asserunt
1011 631 1146 697 coelum
1161 638 1195 699 et
1209 638 1350 714 terram,
1368 635 1546 703 coelicolas

212 734 284 801 scil.
308 738 414 800 Deum
430 740 464 800 et
483 735 637 819 angelos,
660 741 693 801 et
714 735 882 824 optimum
908 759 1080 825 quemque
1101 739 1296 822 hominum,
1312 741 1408 830 quod
1421 742 1547 809 inicam

206 838 355 929 perditis
377 862 454 924 aos;
477 862 492 905 s
507 840 608 929 quod
621 841 777 908 innoxios
795 864 857 909 nos
871 842 1030 932 perditis.
1048 847 1205 930 hggressi
1222 847 1450 915 nihilominus
1469 855 1548 916 sunt

211 946 286 1013 illos
305 946 456 1013 inermes
476 968 663 1036 omnesque
682 948 903 1015 trucidarunt
921 972 952 1015 v.
970 956 1031 1031 383
1053 950 1095 1016 de
1112 951 1187 1017 istis
1206 952 1341 1019 ludaeis
1356 954 1443 1021 haec
1457 955 1547 1023 iudi-

212 1059 266 1119 cat
283 1052 346 1119 cal
385 1107 391 1120 .
413 1073 420 1119 :
440 1080 456 1115 ιι
474 1075 637 1139 magnam
655 1054 807 1142 profacto
822 1053 961 1122 laudem
978 1062 1167 1138 merentur,
1183 1059 1242 1147 qui
1256 1059 1344 1145 legis
1359 1082 1398 1126 ac
1412 1062 1546 1128 sabbati

212 1158 325 1227 studio
343 1181 387 1225 ne
407 1160 497 1226 hanc
519 1160 697 1245 violarent,
717 1161 987 1228 constantissime
1005 1167 1151 1229 mortem
1164 1162 1300 1244 obiere3
1317 1170 1469 1232 attamen
1486 1166 1545 1233 de-

211 1264 284 1332 bita
300 1265 381 1332 huic
397 1267 447 1332 rei
461 1266 645 1354 prudentia
660 1274 693 1333 et
708 1268 851 1334 consilio
868 1274 1070 1350 caruerunt;
1093 1270 1189 1357 leges
1200 1270 1345 1338 rituales
1365 1272 1545 1339 hominum

211 1372 391 1439 commodo
406 1377 496 1453 suot,
512 1395 583 1440 non
598 1371 803 1440 detrimento
820 1396 853 1457 ιι;
872 1397 930 1442 eos
944 1381 1123 1465 tamquam
1140 1383 1308 1464 martyres
1323 1378 1441 1445 laudat
1456 1382 1541 1469 Lap.

211 1484 244 1545 et
263 1478 422 1546 Serorius
436 1501 574 1568 quoque
589 1478 637 1546 ait
652 1501 721 1547 non
737 1502 808 1547 esse
824 1504 880 1547 eos
900 1481 1090 1570 culpandos
1105 1505 1218 1571 neque
1236 1483 1338 1551 fuisse
1353 1484 1391 1551 in
1407 1485 1455 1551 eis
1465 1509 1544 1575 pro-

209 1584 285 1675 prie
314 1584 439 1653 dictam
468 1585 749 1675 imprudentiam,
775 1586 923 1676 ideoque
950 1610 1013 1655 nec
1036 1588 1288 1678 vituperatione
1317 1591 1461 1677 dignam
1489 1591 1544 1659 in-

210 1691 406 1773 scientiam;
426 1719 442 1753 «
466 1689 590 1758 deinde
614 1692 659 1759 ad
681 1697 812 1759 tantam
842 1694 977 1760 sabbati
1002 1694 1192 1761 custodiam
1222 1718 1279 1762 eos
1307 1696 1484 1783 religionis
1505 1700 1543 1765 in
1582 1785 1584 1788 Ι

212 1803 314 1865 lleum
343 1798 518 1888 ipsiusque
551 1798 637 1886 legis
671 1822 769 1867 amor
799 1800 981 1883 excitabat,
1011 1807 1044 1868 et
1076 1824 1230 1870 summae
1257 1803 1370 1889 laudis
1394 1810 1444 1870 est
1479 1826 1542 1893 pro
1579 1785 1593 1803 ⁴

209 1907 312 1971 sacris
338 1906 451 1987 rebuS,
476 1906 532 1972 Dei
560 1906 793 1996 ecclesiaeque
818 1906 955 1992 legibus
976 1908 1177 1994 gravissima
1204 1932 1363 1999 quaeque
1394 1912 1541 2000 perpeti,

210 2010 342 2078 etiamsi
362 2012 439 2100 quis
454 2013 543 2078 forte
567 2012 627 2078 tali
645 2021 678 2079 et
697 2014 770 2080 loco
790 2018 824 2080 et
838 2018 993 2103 tempore
1013 2014 1187 2103 obligatus
1201 2007 1273 2083 non
1285 2022 1373 2083 esset
1390 2045 1420 2083 ».
1440 2021 1485 2083 lle
1501 2016 1543 2083 iis

209 2119 257 2185 ita
281 2126 395 2184 censet
416 2122 447 2185 S.
474 2119 674 2185 Ambrosius
691 2141 699 2187 :
714 2148 730 2179 ιι
754 2143 833 2187 eum
853 2128 965 2188 essent
987 2122 1101 2209 parati
1123 2123 1168 2189 ad
1192 2123 1457 2212 repugnandum
1481 2146 1544 2213 pro

209 2224 339 2313 templo
361 2223 419 2291 Dei
439 2230 472 2291 et
493 2248 555 2313 pro
580 2226 743 2311 legitimis
764 2226 845 2308 suiS,
865 2227 946 2294 dolo
969 2228 1122 2295 hostium
1145 2228 1202 2295 die
1225 2230 1369 2296 lacessiti
1390 2228 1542 2309 sabbati,

210 2331 403 2397 maluerunt
424 2328 624 2398 vulneribus
642 2332 764 2399 offerre
779 2331 872 2399 nuda
892 2356 1038 2424 corpora
1057 2358 1163 2424 quam
1178 2358 1388 2424 repugnare,
1404 2357 1446 2402 nc
1466 2335 1540 2402 rio·

209 2435 320 2504 larent
342 2436 536 2504 sabbatum.
564 2441 680 2526 ltaque
704 2461 823 2506 omnes
852 2439 934 2505 lacti
956 2462 991 2505 se
1014 2438 1356 2509 obtulerunt'morti
1383 2441 1448 2508 Sed
1475 2448 1541 2508 lla-

210 2543 350 2609 ohabaei
375 2543 629 2611 considerantes
650 2543 744 2632 quod
765 2547 831 2611 lroc
854 2546 1119 2633 exemplo-gons
1140 2549 1251 2614 omnis
1275 2553 1387 2637 posset
1411 2547 1537 2636 perire,

209 2648 352 2715 sabbato
372 2651 487 2729 etiam,
508 2671 583 2716 cum
604 2651 669 2738 ipsi
688 2649 724 2716 in
740 2650 872 2716 bellum
896 2657 1174 2739 provocarentur,
1193 2653 1256 2719 ulti
1276 2659 1355 2719 sunt
1373 2654 1540 2720 innocen-

211 2755 294 2821 tium
307 2778 424 2821 necem
441 2757 586 2822 fratrum
602 2778 740 2822 suorum
760 2784 776 2818 ι)
791 2757 849 2845 (lle
866 2756 987 2823 officiis
1002 2764 1091 2842 l,t0.
1109 2761 1157 2824 Μ.
1173 2759 1300 2848 lala).
1314 2760 1420 2826 Simili
1437 2761 1540 2828 modo

210 2862 420 2929 Ptolemaeus
440 2867 536 2929 Soter
560 2862 616 2929 die
635 2863 770 2929 sabbati
790 2864 869 2929 dolo
889 2863 1012 2931 urbem
1032 2872 1184 2933 sanctam
1204 2868 1398 2956 occupavit;
1420 2889 1538 2955 quare,

209 2974 245 3033 ut
268 2969 430 3057 losephus
457 2969 559 3035 refert
580 2970 707 3059 (Antiq.
733 2970 838 3058 121),
865 2971 1139 3057 Agatharchides
1162 2972 1300 3065 Cnidius
1326 2974 1459 3040 ludaeis
1487 2996 1542 3039 ex-

208 3076 352 3163 probrat
372 3084 592 3160 δεισιδαιμονίαν
610 3098 618 3144 :
638 3104 653 3137 «
674 3083 724 3143 est
738 3100 823 3163 gens
840 3100 929 3167 quae
953 3079 1156 3146 ludaeorum
1178 3080 1315 3162 dicitur,
1338 3081 1399 3170 qui
1421 3079 1540 3147 urbem

209 3182 396 3249 incolentes
412 3204 574 3270 magnam
590 3188 623 3249 et
637 3183 725 3249 bene
751 3183 917 3251 munitam
940 3187 1081 3252 nomine
1097 3186 1341 3271 Hierosolyma,
1357 3188 1448 3275 passi
1464 3194 1543 3255 sunt

210 3310 283 3353 eam
314 3288 351 3354 in
381 3288 565 3355 Ptolemaei
593 3295 796 3377 potestatem
826 3290 943 3357 venire
971 3292 1066 3379 quod
1095 3313 1192 3357 arma
1217 3314 1339 3380 capere
1369 3292 1542 3358 noluerint

210 3400 313 3483 atque
347 3418 385 3461 ex
416 3396 655 3483 superstitione
690 3398 933 3484 intempestiva
966 3396 1025 3484 (διὲι
1057 3406 1110 3480 τὴν
1146 3405 1265 3485 ιῖιιαιρεν
1303 3400 1540 3485 sesamam)

210 3499 341 3567 crudeli
364 3501 570 3568 dominatori
590 3524 662 3568 sese
686 3502 906 3569 subiecerunt
934 3532 963 3568 ».
985 3507 1105 3568 Narrat
1131 3505 1293 3592 losephus
1316 3503 1394 3571 illos
1411 3504 1448 3571 in
1464 3527 1541 3594 spe-

210 3608 319 3674 luncis
338 3608 522 3675 suffocatos
543 3613 577 3673 et
596 3608 792 3675 combustos
815 3631 886 3675 esse
905 3609 995 3697 (hut.
1021 3609 1131 3698 12,o);
1150 3610 1187 3676 id
1207 3610 1298 3697 quod
1315 3611 1429 3677 verbis
1448 3634 1479 3676 v.
1499 3619 1540 3678 38

210 3736 279 3779 non
302 3714 489 3799 indicatur;
519 3715 661 3782 fortasse
690 3714 726 3780 id
746 3714 894 3781 coniecit
919 3716 1084 3805 Iosephus
1105 3738 1145 3781 ex
1169 3716 1322 3783 facinore
1346 3722 1483 3805 patrato
1503 3718 1538 3805 (2

210 3819 314 3885 llach.
334 3821 440 3909 (tlt).

255 3931 299 3994 lle
323 3926 463 4012 cognita
492 3927 691 3994 llathathias
720 3935 754 3994 ct
782 3928 885 3995 amici
911 3929 985 3994 eius
1012 3928 1083 3994 illis
1111 3928 1251 4017 quidem
1278 3929 1372 3996 luctu
1404 3928 1541 3996 funebri

209 4031 366 4100 debitum
385 4032 583 4100 babuerunt
606 4036 786 4115 honorem,
814 4041 848 4101 at
871 4033 975 4100 simul
999 4034 1090 4101 inter
1115 4058 1150 4103 se
1175 4034 1279 4125 (dreit
1304 4036 1358 4103 oir
1380 4035 1541 4127 proximo

208 4160 282 4219 suc,
303 4145 386 4205 noto
403 4140 611 4222 hebraismo,
635 4148 655 4206 ἓ
679 4146 762 4227 fleg.
785 4140 855 4231 no)
882 4140 1072 4230 prudenter
1090 4142 1333 4209 deliberabant
1354 4166 1386 4210 v.
1409 4150 1468 4223 393
1493 4143 1542 4208 uti

211 4247 373 4335 Iosephus
398 4252 528 4329 narrat,
553 4247 652 4314 multi
676 4270 714 4313 ex
741 4248 801 4312 illo
823 4247 980 4337 periculo
1007 4254 1188 4316 evaserunt
1216 4256 1250 4315 et
1275 4273 1310 4316 se
1338 4250 1542 4317 llathathiae

210 4352 458 4435 adiunxerant;
476 4375 532 4419 eos
551 4354 668 4420 docuit
690 4354 891 4420 hlathathias
910 4354 1013 4420 etiam
1039 4356 1192 4421 sabbatis
1211 4378 1380 4445 pugnare,
1401 4383 1417 4415 ιι
1434 4354 1462 4420 si
1478 4356 1543 4420 hoe

209 4480 279 4525 non
300 4458 456 4540 fecerint,
474 4459 587 4546 legem
605 4467 777 4527 servantes
797 4460 861 4527 sibi
885 4460 976 4549 ipsos
999 4462 1112 4527 hostes
1130 4463 1216 4542 fore,
1234 4484 1311 4529 eum
1333 4459 1467 4527 inimici
1484 4482 1542 4525 eos

208 4564 407 4651 aggressuri
422 4569 534 4632 essent
544 4588 583 4631 eo
599 4564 655 4630 die
667 4588 736 4653 quo
747 4566 813 4655 ipsi
826 4568 891 4632 vim
909 4589 977 4632 uon
990 4573 1102 4633 essent
1116 4567 1368 4656 propulsaturi3
1386 4566 1541 4654 adeoque

208 4670 298 4737 nihil
324 4672 581 4760 prohibiturum
605 4693 688 4753 esse,
713 4672 798 4760 quin
817 4694 934 4738 omnes
958 4674 1022 4738 hoc
1043 4673 1145 4739 modo
1167 4674 1295 4762 absque
1319 4695 1437 4761 pugna
1461 4696 1540 4761 per-

208 4784 291 4843 eant
314 4804 329 4839 ιι
351 4778 389 4861 (l.
411 4777 471 4868 c).
499 4778 623 4845 Volunt
642 4778 759 4866 itaque
780 4800 936 4866 pugnare
957 4801 1020 4867 pro
1041 4778 1111 4845 vita
1131 4801 1193 4846 sua
1217 4786 1250 4845 et
1269 4802 1331 4869 pro
1350 4780 1454 4847 sacris
1473 4786 1540 4847 sta-
