3625 5367
732 382 761 438 2.
785 396 876 439 arsen.
900 380 1021 451 Ati-ta.
1485 385 1543 441 319

212 530 401 615 cederetur,
425 535 463 598 ut
481 551 542 598 sua
563 529 763 596 auctoritate
785 533 819 596 et
838 533 1019 618 potestate,
1039 531 1109 597 scil.
1135 552 1202 597 non
1222 531 1382 598 consultis
1401 532 1541 598 seniori-

212 639 287 718 buS,
309 638 414 705 etiam
434 637 476 704 iis
495 636 621 716 invitis
638 635 705 702 sibi
721 637 942 703 constitueret
958 637 1179 723 gymnasium
1199 644 1233 703 et
1247 637 1442 727 ephebeum
1458 645 1490 703 et
1507 647 1544 703 ut

212 743 527 832 Hierosolymitanis
556 745 728 809 civitatem
756 733 1019 809 Antiochensem
1051 743 1173 829 largiri
1201 750 1326 833 posset,
1366 767 1423 810 eos
1455 743 1545 810 cives

212 852 454 917 Antiochenses
477 851 601 928 facere,
627 851 704 915 iura
726 854 758 914 et
777 848 961 936 priuilegia
982 849 1171 916 concedere
1189 873 1222 917 v.
1244 857 1276 917 9.
1299 856 1344 916 De
1364 851 1544 937 gymnasio

212 957 254 1023 cf.
278 965 292 1023 l
311 958 415 1023 llach.
439 964 533 1038 1,15;
551 937 758 1044 ephebeum,
775 954 870 1021 locus
886 977 955 1044 qno
971 955 1111 1022 iuvenes
1129 978 1201 1023 sese
1215 963 1391 1036 exercent3
1408 957 1540 1046 palaes-

210 1069 300 1128 tram
326 1065 465 1152 einsque
483 1069 599 1152 partes
623 1067 655 1128 et
678 1061 873 1150 ephebeum
896 1060 1058 1128 describit
1079 1062 1251 1129 Vitruvius
1278 1063 1405 1150 (5‚11);
1433 1064 1536 1129 etiam
1600 1053 1604 1058 ’

211 1170 331 1235 Strabo
349 1169 506 1236 meminit
526 1169 571 1250 ad
594 1169 779 1250 Ἑλληνικὴν
803 1172 925 1254 ἀγωγὴν
941 1169 1112 1257 periinere
1130 1175 1278 1255 γυμνάσιά
1298 1200 1330 1237 τε
1350 1177 1401 1237 καὶ
1422 1176 1544 1255 ἑφηὲεῖα

213 1278 341 1364 (5,2l6,
366 1277 410 1343 al.
434 1283 515 1356 377;
541 1276 661 1364 ΒΜ).
685 1279 824 1340 lllnltum
846 1263 919 1340 sibi
934 1277 1101 1363 pecuniae
1124 1297 1165 1341 ac
1189 1274 1361 1342 commodi
1383 1276 1542 1364 promisit

211 1386 308 1448 lason
327 1405 366 1448 ex
386 1382 582 1449 venditione
598 1382 742 1448 civitatis
761 1380 1008 1448 Antiochense.

255 1489 443 1556 Antiochus
462 1511 520 1554 rex
539 1489 612 1554 eius
630 1486 918 1577 postulationibus
934 1511 974 1553 eo
989 1487 1153 1555 libentius
1172 1488 1333 1555 annuisse
1355 1490 1541 1556 censendus

212 1601 273 1675 est,
297 1584 377 1682 quia
396 1602 429 1660 et
448 1594 616 1684 pecuniae
633 1594 778 1682 cupidus
796 1592 1027 1684 indigensque
1050 1600 1124 1661 erat
1145 1596 1200 1683 (cl.
1226 1602 1241 1660 1
1261 1597 1366 1662 llach.
1385 1596 1537 1682 3,29,30)

212 1708 245 1766 et
264 1701 337 1788 ipse
353 1699 488 1767 volebat
504 1700 646 1767 ludaeos
666 1700 799 1785 graecis
820 1698 973 1766 moribus
986 1699 1095 1768 imbui
1111 1700 1168 1786 (cl.
1187 1708 1203 1766 1
1220 1703 1325 1768 blach.
1346 1702 1557 1796 l,l3seq.).·

212 1811 330 1894 ltaque
355 1812 450 1873 lason
476 1812 641 1895 occupato
668 1804 858 1873 sacerdotio
886 1811 989 1894 atque
1017 1806 1169 1873 dominio
1193 1808 1310 1873 statim
1332 1809 1369 1875 id
1394 1808 1477 1893 egit,
1506 1812 1544 1874 nt

212 1912 464 1980 contribulibus
494 1919 612 1979 nolam
638 1933 677 1978 ac
707 1913 854 1978 formam
880 1933 1045 1998 graecam
1072 1912 1288 2002 imprimeret
1314 1937 1346 1980 v.
1376 1922 1429 1980 10.
1458 1918 1542 1980 Nam

212 2019 409 2105 abrogavit,
434 2022 609 2106 παρώσατο,
635 2017 773 2084 decreta
801 2017 898 2104 regia
924 2040 1013 2106 quae
1043 2020 1177 2086 ludaeis
1205 2020 1369 2086 favebant
1393 2026 1426 2085 et
1450 2042 1540 2109 quac

211 2127 393 2214 impetrata
414 2129 514 2191 erant
527 2147 590 2213 per
604 2129 767 2191 loannem
780 2131 913 2213 patrem
930 2125 1109 2214 Eupolemi
1124 2125 1219 2192 illius
1236 2126 1296 2214 qui
1310 2125 1482 2213 legatione
1497 2127 1543 2192 ad

212 2237 381 2299 Romanos
402 2231 538 2298 functus
561 2236 611 2296 esl
632 2231 687 2318 (cl.
714 2237 731 2296 1
752 2230 857 2297 hlach.
878 2233 986 2318 8‚1'l),
1010 2234 1046 2298 τὰ
1065 2242 1189 2315 κείμενα
1209 2236 1347 2313 βασιλικὰ
1371 2233 1465 2318 leges
1483 2255 1542 2298 seu

211 2338 290 2404 iura
309 2338 491 2404 constituta
507 2336 665 2422 intellige
687 2358 775 2424 quae
797 2337 982 2403 Antiochus
1001 2342 1140 2424 Magnus
1159 2337 1296 2404 ludaeis
1317 2342 1538 2418 concesserat,

212 2442 336 2532 quihus
359 2443 425 2511 illis
443 2444 540 2510 licuit
558 2442 656 2532 sequi
672 2441 769 2527 'leges
787 2447 961 2531 paternas,
983 2444 1109 2532 quibus
1128 2443 1321 2510 sacerdotes
1338 2448 1371 2509 et
1393 2443 1543 2510 ministri

213 2549 332 2640 templi
344 2550 514 2616 immunes
526 2549 794 2616 declarabantur
806 2571 827 2614 a
839 2549 977 2616 tributis
990 2556 1023 2615 et
1035 2550 1205 2638 quaedam
1219 2550 1265 2616 ad
1279 2549 1408 2615 cultum
1423 2550 1544 2638 templi

211 2664 244 2723 et
265 2656 429 2723 sacrificia
453 2677 574 2742 aroge
596 2654 851 2744 praebebantur
872 2655 927 2743 (cl,
952 2655 1127 2743 Iosephus,
1153 2661 1231 2722 Ant.
1259 2662 1387 2737 12,3,3.
1409 2662 1446 2739 l;
1472 2656 1541 2738 Al).

211 2763 262 2829 Ad
287 2762 525 2836 antecedentia
551 2761 673 2827 referri
700 2765 744 2828 td
775 2761 913 2829 Ἰωάννου
941 2761 1029 2828 bene
1056 2763 1266 2851 expressitS
1293 2781 1300 2827 :
1323 2783 1411 2850 quae
1434 2762 1546 2851 posita

212 2874 310 2935 erant
329 2868 463 2936 ludaeis
481 2891 545 2958 per
567 2866 838 2934 misericordiam
863 2867 921 2934 nei
941 2890 1029 2968 quae
1048 2867 1218 2958 acquisita
1241 2873 1340 2936 erant
1358 2891 1421 2957 per
1446 2874 1544 2934 loan-

212 2997 334 3044 nem...
366 2977 468 3043 etiam
496 2976 581 3041 haec
608 2975 753 3042 removit
778 2977 812 3040 et
835 2973 1001 3054 abolevit3
1032 2977 1221 3058 Ἑλληνικὸν
1246 2981 1267 3041 S
1289 2975 1435 3063 explicat
1462 2997 1544 3042 voce

214 3097 333 3149 anania
360 3081 557 3171 (apostasia,
582 3081 692 3148 cultus
711 3080 850 3170 impius,
873 3081 1079 3164 idololatria,
1101 3081 1350 3169 ethnicismus).
1369 3082 1545 3159 Quomodo

123 3185 124 3190 ’
211 3188 306 3275 leges
335 3209 514 3278 moresque
549 3193 681 3255 mutare
716 3187 898 3267 studuerit,
933 3194 1097 3253 narratur
1131 3211 1161 3252 v.
1196 3195 1317 3265 11-173
1349 3187 1546 3255 aedificavit

212 3295 433 3383 gymnasium
452 3299 586 3378 ἀσμένως
603 3292 760 3374 libenter,
783 3314 860 3359 cum
880 3292 1024 3378 gaudio,
1047 3292 1200 3358 consulto
1221 3292 1284 3357 sub
1304 3292 1378 3380 ipsa
1398 3313 1488 3373 arce,
1511 3298 1545 3358 et

212 3401 360 3490 optimos
390 3401 553 3468 iuvenum
586 3405 835 3468 testimoniet
863 3407 991 3466 πέτασον
1025 3404 1097 3484 ἦγεν
1129 3397 1302 3464 collocans
1331 3397 1396 3463 sub
1425 3403 1543 3487 petaso

213 3509 360 3574 ducebat
379 3509 402 3573 i.
422 3531 452 3574 e.
473 3506 520 3572 eis
536 3506 717 3595 imponens
736 3510 894 3593 petasum
916 3505 960 3570 ad
982 3503 1143 3571 exercitia
1163 3504 1355 3594 palaestrae
1375 3503 1541 3585 ducebat,

214 3620 261 3680 est
277 3619 415 3704 petasus
430 3614 541 3702 pileus
555 3613 640 3678 latos
658 3611 787 3677 habens
803 3611 992 3695 margines,
1011 3633 1080 3699 quo
1099 3610 1286 3677 utebantur
1301 3610 1339 3676 in
1351 3609 1442 3678 ludis
1459 3617 1496 3676 nt
1508 3634 1543 3677 se

213 3723 334 3788 contra
348 3720 426 3786 solis
442 3725 573 3786 aestum
586 3724 619 3785 et
632 3717 745 3784 radios
759 3722 950 3784 tuerentur.
971 3716 1071 3804 Apud
1084 3721 1227 3783 Graecos
1242 3725 1342 3803 ἔφηὸοι
1357 3716 1544 3804 portabant

213 3830 386 3913 petasum;
405 3829 455 3890 est
470 3825 562 3891 idem
578 3823 749 3891 emblema
761 3824 968 3912 palaestrae3
989 3822 1078 3890 unde
1093 3846 1133 3889 ea
1148 3823 1297 3889 dictione
1313 3822 1545 3908 significatur,

213 3930 376 3996 iuvenum
389 3931 533 4020 optimos
545 3931 700 3998 moribus
712 3928 848 4016 graecis
861 3929 1094 4018 etpalaestrae
1106 3951 1176 3996 esse
1187 3929 1403 3996 assuefactos.
1417 3929 1547 3996 Saliter

213 4037 351 4123 iungit:
375 4037 530 4104 robustos
550 4037 686 4123 subegit
705 4042 738 4103 et
752 4036 816 4102 sub
835 4049 976 4100 annium
992 4035 1183 4102 transduxit
1204 4035 1281 4125 (sub
1302 4036 1544 4121 mensuram).

213 4145 409 4210 Versioncm
433 4143 526 4228 vulg.
554 4143 737 4232 explicant,
761 4147 919 4231 petasum
944 4165 1017 4209 esse
1039 4141 1225 4223 cortinam,
1245 4143 1362 4210 velum
1382 4141 1417 4231 (a
1438 4149 1548 4211 ,τετάν-

214 4253 315 4338 rupit)
338 4271 536 4339 expansum,
557 4273 625 4339 quo
644 4242 724 4316 tecti
743 4248 856 4338 turpia
878 4249 1083 4316 exercebant
1103 4252 1157 4335 (cl.
1178 4253 1264 4338 Lap.
1288 4249 1428 4334 Cultu).

259 4359 327 4424 Hoc
346 4350 461 4434 modo,
483 4364 588 4436 οὕτως,
609 4355 739 4423 exstitit
755 4377 814 4422 seu
833 4354 996 4423 inductus
1011 4360 1061 4424 est
1079 4377 1236 4423 summus
1254 4355 1400 4444 quidam
1418 4353 1548 4438 gradus

217 4461 322 4551 (ἀκμή)
351 4463 538 4530 Graecismi
561 4463 584 4528 i.
609 4486 639 4529 c.
667 4461 910 4529 aemulationis
934 4484 1070 4528 morum
1093 4467 1300 4529 Graecorum
1331 4465 1364 4526 et
1386 4459 1548 4527 transitus

217 4568 413 4658 (profectus)
436 4569 481 4635 ad
504 4569 659 4636 instituta
679 4569 863 4657 peregrina
881 4590 946 4657 per
963 4568 1172 4634 eminentem
1190 4566 1344 4634 indolem
1367 4566 1547 4655 profanam

215 4683 249 4741 et
262 4675 437 4766 impuram
453 4677 582 4742 Iasonis
600 4674 664 4741 viri
681 4673 780 4764 impii
796 4679 828 4740 et
843 4674 1177 4762 pseudo-sacerdotis
1193 4696 1225 4740 v.
1244 4680 1297 4755 13,
1315 4679 1368 4740 οὖν.
1382 4675 1547 4759 ἀρχιερέως

217 4781 278 4872 qui
298 4782 387 4851 nihil
407 4783 478 4850 veri
497 4781 680 4850 sacerdotis
704 4781 820 4848 animo
839 4787 872 4846 et
895 4786 1009 4848 mente
1030 4780 1194 4849 habebat.
1219 4779 1307 4857 Quid
1328 4779 1409 4845 inde
1432 4800 1549 4845 conse-

1720 4890 1791 4975 „l
