3625 5367
570 403 687 461 eeo
1574 392 1628 449 1.
1679 374 1868 452 mcn‘.
1918 390 2233 460 ian-18.

571 556 665 618 qui
713 552 968 606 venerant
1018 547 1236 614 peffderc
1296 560 1440 605 eum,
1493 551 1540 593 θί
1599 544 1791 592 occidit
1887 540 2038 598 λὲσαι
2087 537 2240 598 αὐτὸν
2293 537 2386 596 καὶ
2436 534 2740 594 ἀπέκτεινεν
2786 535 2991 607 αὐτοὺς,
3039 535 3247 610 ἐπέγνω

573 656 687 701 eos,·
748 641 992 703 ch-novit
1055 637 1198 686 enim
1264 635 1396 696 quia
1462 632 1791 695 quaerebant
1885 629 1988 705 γὰρ
2018 627 2097 685 ὅτι
2126 626 2342 698 ἐζήτουν
2375 625 2533 684 αὐτὸν
2565 625 2842 684 ἀπολέσαι.

574 744 690 780 eum
717 730 956 795 Perdere·
1968 719 2068 777 23.
2114 716 2223 775 Καὶ
2277 717 2343 773 τὰ
2394 711 2557 773 λοιπὰ
2609 715 2714 771 τῶν
2769 712 2942 793 λόγων
2997 712 3250 773 Ἰωάννου

648 818 733 869 ‘23-
782 822 850 866 Et
897 812 1079 864 cetera·
1122 824 1424 862 sermonum
1470 811 1695 860 Ioannis
1745 817 1792 858 et
1886 805 2107 864 καὶτῶν
2133 802 2381 882 πολέμων
2419 804 2583 861 αὐτοῦ
2619 803 2711 860 καὶ
2742 805 2848 860 τῶν
2886 803 3253 882 ἀνδραγαθιῶν

580 905 841 957 bellorum
867 905 981 954 eius
1011 910 1060 952 et
1089 902 1351 952 bonarum
1379 900 1795 961 virtutumqui-
1890 895 2048 952 αὐτοῦ
2113 885 2186 952 ὧν
2243 891 2614 970 ἠνδραγάθησε
2671 890 2762 948 καὶ
2820 895 2911 962 τῆς
2968 892 3255 965 οἰκοδομῆς

578 997 671 1046 bus
712 995 926 1060 sortiter
954 993 1113 1055 ι11631111
1156 997 1204 1038 et
1245 988 1482 1061 aedificii
1522 1001 1794 1036 murorum
1888 985 1992 1041 τῶν
2038 983 2259 1061 τειχέων
2289 972 2363 1038 ὧν
2394 980 2729 1059 ᾠκοδόμησε,
2756 979 2848 1039 καὶ
2877 985 2981 1039 τῶν
3012 978 3257 1056 πράξεων

577 1097 704 1148 quos
740 1082 1004 1132 exstruxit
1041 1085 1087 1127 et
1129 1092 1307 1128 rerum
1347 1084 1617 1140 gestarum
1657 1078 1790 1136 eius,
1892 1074 2070 1138 αὐτοῦ,
2103 1073 2200 1130 24.
2237 1067 2346 1127 ἰδοὺ
2387 1073 2556 1127 ταῦτα
2595 1069 2894 1148 γέγραπται
2932 1068 3020 1127 ἐπὶ
3060 1068 3258 1148 βιὸλίῳ

576 1173 661 1223 24.
696 1185 803 1220 ecce
836 1161 960 1218 haec
990 1169 1196 1232 scripta
1235 1172 1360 1215 sunt
1395 1168 1458 1214 in
1498 1164 1637 1215 libro
1678 1166 1795 1213 die·
1891 1163 2105 1238 ἡμερῶν
2150 1157 2547 1238 ἀρχιερωσύνης
2584 1157 2765 1234 αὐτοῦ,
2792 1156 2884 1236 ἀφ’
2925 1150 2986 1215 οὗ
3029 1156 3257 1233 ἐγενήθη

554 1275 697 1333 ‘rum
741 1259 1027 1308 sacerdotii
1067 1258 1201 1317 eius,
1246 1269 1306 1303 ex
1352 1268 1456 1316 quo
1504 1253 1679 1318 sactus
1723 1260 1796 1301 est
1896 1246 2169 1327 ἀρχιερεὺς
2198 1247 2334 1324 μετὰ
2362 1245 2451 1305 τὸν
2479 1245 2898 1326 πατέραἀῡτοῦ,

572 1351 824 1414 princeps
858 1347 1192 1396 sacerdotum
1224 1350 1342 1407 post
1380 1349 1590 1406 patrem
1617 1355 1793 1390 suum.

666 1483 905 1551 Flebili
934 1485 1115 1549 sorte
1146 1479 1468 1547 occubuit
1500 1477 1734 1544 Simon
1764 1477 2110 1544 nihil-tale
2139 1476 2448 1544 meritus.
2486 1481 2570 1543 At
2608 1475 2898 1543 ambitio
2930 1483 2995 1542 et
3026 1475 3257 1543 domi·
3333 1508 3341 1517 ·

576 1590 790 1659 nandi
822 1588 1169 1678 cupiditas
1198 1607 1478 1652 omnem
1516 1585 1731 1651 animi
1780 1586 1959 1670 grati
2003 1590 2071 1651 et
2106 1583 2396 1650 humani
2431 1604 2702 1650 sensum
2742 1583 2818 1649 in
2849 1605 3109 1670 genero
3143 1605 3282 1648 ex·

579 1697 833 1764 stinxit.
870 1695 1314 1774 PtolemaeuS‚
1351 1691 1535 1758 filius
1566 1690 1785 1757 Abobi
1814 1691 1885 1779 (S
1917 1705 2145 1763 aziam,
2182 1691 2268 1757 cf.
2306 1689 2638 1778 Ἔραστος)
2661 1689 2732 1755 in
2756 1690 3048 1756 statione
3073 1689 3263 1755 mili-

577 1795 713 1871 tari
771 1800 1085 1892 planitiei
1143 1797 1553 1866 Ierichuntis
1619 1802 1768 1863 erat
1827 1795 1997 1877 dux3
2058 1802 2346 1886 propter
2405 1795 2583 1863 vada
2649 1796 2955 1862 Iordanis
3024 1796 3266 1882 gravis

581 1909 838 1995 negotii
884 1914 1030 1973 erat
1078 1905 1168 1972 ad
1224 1905 1659 1971 securitatem
1716 1902 2008 1969 Iudaeae
2066 1903 2262 1968 illam
2322 1903 2684 1969 stationem
2740 1902 2944 1992 plane
2996 1902 3265 1969 habere

581 2021 828 2082 tutam.
869 2018 1088 2088 Quare
1131 2011 1368 2076 Simon
1408 2032 1560 2075 eam
1608 2010 2006 2097 propinquo
2034 2008 2382 2074 commisit
2430 2009 2966 2098 quem-insuper
3007 2009 3268 2097 opibus

582 2119 933 2197 instruxit,
964 2116 1405 2203 cognatione,
1444 2114 1782 2200 dignitate
1814 2116 2140 2197 muneriS,
2185 2113 2446 2181 divitiis
2485 2116 2718 2204 itaque
2758 2137 2915 2181 eum
2960 2115 3092 2182 sibi
3133 2115 3262 2181 ob-

585 2226 877 2296 strinxit.
918 2230 1002 2290 At
1051 2223 1241 2289 hisce
1277 2221 1561 2287 minime
1616 2225 2000 2295 contentuS,
2051 2220 2168 2286 sed
2219 2220 2545 2309 superbia
2600 2220 2822 2289 elatus
2868 2221 3256 2287 dominium

586 2334 795 2401 totius
825 2330 1130 2417 regionis
1160 2327 1275 2394 ille
1301 2326 1701 2407 affectabat3
1738 2347 1994 2392 nomen
2039 2326 2186 2393 eius
2231 2349 2563 2412 graecum
2593 2326 2850 2393 indicio
2890 2351 3031 2394 esse
3065 2327 3261 2394 vide-

587 2447 698 2507 tur
724 2459 881 2505 eum
913 2437 1137 2522 magis
1163 2434 1520 2500 inclinasse
1551 2432 1637 2498 ad
1662 2438 1893 2521 partes
1923 2454 2159 2498 eorum
2185 2433 2305 2522 qui
2337 2437 2744 2500 Graecorum
2782 2456 3005 2500 mores
3026 2433 3260 2500 imita-

586 2547 773 2615 tione
816 2542 1300 2634 exprimerent.
1348 2538 1698 2606 Simonem
1737 2538 2058 2605 eximiam
2103 2538 2422 2606 habuisse
2469 2562 2732 2623 curam,
2769 2547 2845 2607 ut
2894 2539 3262 2608 commoda

569 2651 973 2723 jncolarum
1016 2651 1609 2738 promoverentur,
1646 2645 1971 2712 discimus
2009 2668 2073 2711 V.
2123 2651 2232 2728 1Ιι,
2273 2645 2540 2712 solebat
2582 2647 2766 2713 enim
2809 2647 3116 2714 civitates
3147 2652 3260 2713 lu-

590 2761 801 2826 daeae
845 2756 1036 2824 obire
1076 2751 1487 2842 inspiciendi
1528 2757 1596 2818 et
1642 2750 2047 2840 explorandi
2098 2774 2327 2835 causa,
2377 2774 2610 2819 curam
2671 2775 2914 2821 earum
2963 2753 3258 2820 sollicite

593 2885 867 2952 gerenS,
895 2886 977 2927 ne
1010 2859 1175 2949 quid
1200 2858 1283 2924 iis
1312 2857 1614 2938 deesset3
1648 2867 1963 2945 φροντίζων
1997 2876 2104 2942 τῆς
2147 2864 2493 2943 ἐπιμελείας
2520 2864 2735 2927 αὐτῶν.
2774 2865 2961 2926 Inter
2989 2861 3126 2927 alia
3152 2859 3264 2927 illi

592 2971 893 3036 intentus
918 2965 1196 3052 negotio
1220 2965 1428 3030 etiam
1448 2964 1523 3028 in
1554 2963 1820 3028 Iericho
1853 2963 2202 3030 descendit
2234 2987 2389 3033 cum
2424 2965 2697 3033 duobus
2727 2965 2885 3033 filiis
2915 2988 3099 3033 anno
3135 2973 3263 3033 177

595 3074 715 3144 sel.
754 3075 803 3140 i.
841 3095 901 3138 6.
951 3077 1075 3137 135
1115 3076 1275 3135 ante
1320 3070 1438 3133 Ch.
1479 3089 1719 3160 *mense
1772 3068 2137 3135 undecimo
2170 3071 2388 3156 (Zach.
2435 3078 2542 3153 1‚7
2575 3085 2753 3147 aaut,
2797 3072 3259 3160 Februarius).

596 3187 725 3249 Eos
764 3177 1078 3258 invitavit
1118 3177 1193 3241 in
1229 3195 1516 3264 parvam
1572 3195 1799 3240 arcem
1851 3197 2062 3262 quam
2101 3175 2235 3243 sibi
2283 3184 2777 3260 construxerat,
2842 3179 3007 3260 Δὼκ,
3055 3178 3265 3246 hodie

598 3291 747 3355 fons
780 3308 898 3353 seu
929 3285 1153 3350 fontes
1187 3282 1335 3350 Duk
1361 3281 1543 3348 inter
1571 3282 2097 3370 septemtriones
2128 3288 2196 3350 et
2227 3306 2541 3352 occasum
2573 3285 2733 3351 solis
2765 3307 2806 3352 a
2847 3285 3259 3353 Ierichunte.

601 3401 675 3462 ln
708 3416 787 3460 ea
814 3392 1193 3459 munitione
1226 3393 1444 3455 tutam
1476 3386 1754 3454 sceleris
1789 3389 2238 3478 perpetrandi
2271 3396 2337 3456 et
2365 3390 2702 3480 perfidiae
2735 3393 3155 3460 occasionem
3185 3414 3259 3458 se

600 3501 860 3566 habere
913 3495 1357 3576 existimavit;
1412 3493 1515 3560 ibi
1567 3493 1790 3582 potuit
1850 3494 2186 3561 collocare
2235 3488 2486 3562 milites
2548 3497 2681 3564 sibi
2728 3499 3117 3578 obstrictos,
3171 3497 3260 3565 ad

602 3606 838 3673 omnia
885 3608 1240 3692 promptos
1280 3623 1360 3667 ac
1410 3604 1706 3690 paratos,
1750 3622 1981 3688 neque
2023 3601 2314 3668 aderant
2363 3603 2544 3669 cives
2581 3603 2671 3670 ad
2714 3611 2943 3694 partes
2971 3605 3261 3672 Simonis

601 3709 944 3782 tutandas
994 3710 1225 3776 Simon
1270 3728 1431 3774 vero
1472 3705 1558 3771 de
1606 3727 1892 3790 gener0,
1935 3729 2140 3796 quem
2183 3707 2522 3794 dignitate
2569 3715 2636 3777 et
2665 3711 2912 3799 opibus
2952 3717 3259 3792 auxerat,

603 3819 888 3886 minime
917 3815 1297 3905 quidquam
1328 3812 1497 3879 mali
1526 3811 1914 3900 suspicatus
1953 3818 2074 3878 est.
2111 3818 2295 3880 Inter
2323 3815 2744 3900 convivium,
2779 3840 2933 3884 cum
2965 3818 3104 3885 iam
3130 3817 3264 3885 lar-

604 3925 798 4012 giore
827 3927 990 4012 potu
1023 3921 1442 3987 exhilaratus
1474 3923 1646 3984 esset
1674 3919 1909 3984 Simon
1945 3921 2132 4009 (Lap.
2176 3920 2450 4010 Calm.),
2482 3924 2626 4010 ipse
2662 3923 3081 3990 Ptolemaeus
3112 3946 3266 3990 611111

606 4030 937 4096 militibus
962 4027 1190 4104 irruit;
1224 4025 1631 4092 occiduntur
1661 4025 1919 4107 Simon,
1952 4025 2088 4092 duo
2115 4027 2260 4093 eius
2282 4027 2409 4094 filii
2435 4033 2502 4095 et
2528 4029 2744 4119 aliqui
2765 4031 3007 4098 famuli
3028 4053 3269 4098 eorum

607 4157 671 4200 v.
729 4141 833 4200 15.
894 4140 1010 4213 16;
1063 4128 1107 4197 S'
1160 4151 1173 4196 ε
1229 4151 1385 4197 611111
1434 4130 1770 4197 bibissent
1814 4138 1881 4196 et
1919 4131 2154 4199 laetati
2211 4141 2475 4215 essent3
2520 4136 2920 4203 ebrietatem
2969 4136 3270 4223 intelligi

606 4239 854 4306 debere
897 4235 1252 4304 contendit
1282 4237 1424 4315 Gr„
1459 4235 1578 4301 sed
1618 4236 1902 4303 adnotat
1930 4238 2141 4305 variis
2186 4239 2412 4307 modis
2449 4240 2757 4331 aliquem
2799 4245 2946 4310 sine
2978 4243 3120 4310 ulla
3149 4265 3267 4309 sua

604 4348 808 4436 culpa
845 4367 1041 4436 posse
1093 4343 1278 4410 effici
1321 4341 1613 4410 ebrium.
1666 4342 1946 4410 Facinus
1998 4345 2131 4411 hoc
2177 4349 2483 4433 graviter
2539 4350 2987 4438 reprehendit
3029 4356 3265 4416 auctor

600 4478 665 4522 v.
721 4461 802 4522 17
861 4452 1020 4522 fecit
1067 4471 1394 4537 magnam
1444 4451 1673 4518 ἀθεσίαν
1707 4450 2069 4540 perfidiam
2118 4459 2185 4519 et
2219 4453 2529 4522 animum
2572 4456 2858 4546 pessime
2912 4459 3258 4545 ingratum

601 4561 917 4628 ostendit.

693 4669 1139 4748 Ptolemaeus,
1174 4670 1252 4731 ut
1289 4667 1648 4754 potestate·
1659 4661 2021 4751 potiretur,
2055 4672 2121 4732 et
2164 4667 2480 4735 Antiochi
2526 4669 2708 4758 regis
2753 4657 3253 4762 approbatione

613 4783 678 4840 et
708 4774 960 4840 auxilio
985 4771 1369 4857 indigebat,
1405 4775 1473 4835 et
1496 4770 1772 4837 tertium
1806 4792 2081 4860 quoque
2112 4774 2405 4843 Simonis
2439 4775 2661 4844 filium
2692 4783 3015 4847 Ioannem
3049 4802 3085 4845 e
3119 4801 3256 4846 me-
