3625 5367
720 369 747 426 t.
772 385 863 429 naeu.
888 367 1007 440 rana

199 527 352 583 paratorum
380 526 405 568 ct
435 525 490 568 octo
522 518 643 569 mittitur
674 521 802 582 equitum.
851 514 987 575 ἐκύκλωσε
997 517 1045 588 τὴν
1056 515 1132 575 πόλιν
1144 517 1190 574 καὶ
1200 513 1234 576 τὰ
1243 517 1323 576 πλοῖα
1335 517 1387 575 ἀπὸ
1397 517 1532 590 θαλάσσης

202 609 243 662 tt.
266 610 312 658 Et
325 609 449 658 circuivit
473 609 608 658 ciuitatem
633 615 657 656 ct
683 621 765 658 nuces
789 623 806 656 a
852 609 972 686 συνῆψαν
993 604 1039 666 καὶ
1060 603 1147 663 ἔθλιὸε
1169 603 1216 678 τὴν
1238 605 1315 664 πόλιν
1340 605 1393 664 ἀπὸ
1415 610 1463 676 τῆς
1483 610 1532 682 γῆς

199 699 269 746 mort
291 704 456 748 accesserunt
474 704 499 746 ct
521 697 652 745 recubant
671 697 806 747 ciuitatem
851 693 897 752 καὶ
915 698 962 766 τῆς
976 694 1111 766 θαλάσσης
1124 691 1169 752 καὶ
1183 696 1230 753 οὐκ
1243 693 1331 752 εἴασεν
1346 693 1438 753 οὐδένα
1454 699 1531 754 ἐκπο-

199 802 216 834 u
241 794 316 835 terro
339 793 363 835 et
383 787 455 835 utari
478 792 502 835 ct
525 786 658 835 nemiuem
681 787 805 835 sinebant
853 781 973 862 ρσύεσθαι
988 782 1034 841 καὶ
1050 782 1257 860 εἰσπορεύεσθαι.

199 873 308 937 tnyredi
322 874 363 924 aet
375 876 474 937 egredi.

245 1054 329 1117 Dum
361 1047 549 1115 Demetrius
575 1054 601 1114 ΙΙ
626 1049 783 1138 captivus
810 1053 985 1116 teneretur
1007 1049 1065 1139 (cf.
1093 1050 1198 1139 1t,3),
1229 1050 1390 1141 Tryphon
1416 1057 1535 1119 contra

200 1160 354 1243 satrapas
373 1161 406 1221 at
428 1154 570 1221 ducese
593 1154 691 1242 regia
710 1154 844 1222 familia
868 1155 1035 1222 oriundos
1061 1153 1190 1223 bellare
1210 1157 1382 1240 tentabat3
1397 1181 1479 1225 nam
1497 1157 1534 1224 in

202 1261 440 1351 Mesopotamia
463 1261 642 1349 Dionysius
664 1261 777 1328 liedus
798 1267 884 1341 erat,
902 1261 940 1328 in
966 1260 1156 1350 coelesyria
1179 1262 1356 1353 Sarpedon
1379 1271 1412 1330 et
1435 1264 1534 1332 Pala·

202 1368 330 1450 medea,
348 1368 383 1433 in
408 1368 564 1435 Seleucia
586 1368 759 1435 maritima
780 1368 952 1436 Aeschion
975 1369 1035 1458 qui
1063 1390 1179 1436 secum
1200 1368 1353 1436 hahebat
1376 1370 1533 1457 reginam

203 1476 417 1564 Cleopatram
442 1496 582 1541 uxorem
610 1475 770 1542 Demetrii
793 1497 895 1565 quem
919 1481 1060 1556 Arsaces
1081 1475 1198 1541 vivum
1226 1482 1364 1565 ceperat
1384 1481 1473 1564 (Exe.
1495 1499 1534 1542 ex

203 1581 282 1646 hist.
300 1580 396 1646 Diod.
421 1580 496 1662 sic,
518 1579 654 1663 notter,
676 1581 800 1667 fragm.
817 1586 844 1647 ΙΙ
859 1602 892 1649 n.
912 1586 994 1648 XXV
1009 1605 1043 1670 p.
1063 1583 1164 1670 XIX).
1182 1585 1262 1648 Erat
1280 1583 1449 1649 Demetrio
1468 1584 1536 1675 sra-⁸

200 1693 252 1752 ter
265 1687 379 1752 iunior
397 1686 595 1767 Antiochus,
611 1686 816 1779 cognomine
831 1685 973 1768 Sidetas,
991 1692 1109 1777 utpote
1125 1688 1289 1754 educatus
1303 1688 1339 1754 in
1356 1689 1441 1756 urhe
1454 1689 1534 1756 Sida

137 1789 142 1796 ’
202 1795 238 1859 iu
254 1791 459 1881 Pamphylia
474 1792 530 1881 (ct.
544 1793 727 1882 Porphyrii
743 1793 835 1880 Tyrii
849 1795 976 1880 fragm.
997 1799 1055 1874 183
1072 1793 1209 1878 Metllcr,
1224 1795 1312 1880 frag.
1330 1797 1370 1860 111
1389 1817 1422 1884 p.
1441 1794 1534 1878 712),
1628 1779 1634 1786 ¹

202 1897 345 1988 losepho
372 1904 456 1964 teste
483 1903 581 1966 Soter
606 1920 744 1988 quoque
772 1900 965 1989 appellatus
996 1901 1087 1989 (Ant.
1118 1899 1265 1988 13,7‚1);
1294 1901 1322 1967 is
1352 1902 1387 1967 in
1424 1901 1537 1968 insula
1638 1969 1639 1972 ,

203 2004 322 2073 Rhodo
337 2004 452 2071 fratris
476 2003 713 2093 captivitatem
735 2006 875 2071 edoctus
891 2008 989 2096 (App.
1007 2010 1082 2092 Syr.
1102 2012 1171 2094 68),
1190 2028 1337 2092 regnum
1353 2013 1536 2096 paternum

205 2132 409 2201 recuperare
433 2111 565 2177 statuit.
590 2110 643 2177 Uti
667 2111 831 2199 Iosephus
849 2119 980 2196 narrat,
1007 2111 1067 2179 diu
1092 2112 1285 2199 vagabatur
1304 2113 1401 2181 nulla
1425 2113 1536 2202 ipsum

204 2216 289 2283 urhe
307 2217 497 2306 recipiente
518 2222 611 2284 metu
628 2217 836 2307 Tryphonis3
854 2218 900 2284 ad
924 2240 1003 2285 eum
1027 2219 1324 2308 misit-Cleopatra
1348 2218 1392 2284 ad
1416 2221 1537 2285 coniu-

205 2323 303 2409 gium
327 2323 429 2391 simul
453 2331 486 2390 ct
509 2345 655 2409 regnum
682 2343 874 2401 accersens;
900 2347 980 2390 eum
1003 2331 1118 2391 autem
1141 2324 1322 2406 invitabat,
1348 2331 1421 2391 tum
1446 2324 1537 2413 quod

205 2429 308 2496 amici
332 2430 396 2496 ista
418 2431 449 2495 ei
472 2435 725 2518 persuaserant,
742 2435 818 2497 tum
843 2431 938 2518 quod
957 2429 1024 2497 sihi
1050 2431 1183 2509 metuit,
1212 2453 1288 2496 cnm
1312 2430 1473 2497 nonnulli
1500 2453 1539 2496 ex
1626 2437 1628 2440 ’
1698 2447 1712 2536 ’Ἠ

201 2535 475 2603 seleuciensihus
496 2536 618 2603 urbem
636 2537 810 2623 Tryphoni
832 2535 970 2602 tradere
995 2535 1185 2603 studerent.
1205 2541 1329 2602 Verum
1350 2542 1536 2624 antequam

203 2641 392 2709 Seleuciam
414 2641 536 2720 adiret,
566 2643 649 2708 dum
674 2642 787 2708 adhuc
811 2647 998 2729 vagaretur
1026 2663 1088 2730 per
1111 2642 1282 2728 regiones
1303 2641 1397 2708 misit
1419 2641 1464 2707 ab
1484 2639 1539 2706 in-

204 2749 289 2815 sulis
310 2750 413 2814 maris
429 2747 585 2836 (Rhodot
607 2750 650 2815 of.
670 2753 757 2838 App.
780 2752 855 2835 Syr.
874 2748 930 2836 68)
948 2747 1129 2838 epistolam
1150 2746 1194 2814 ad
1217 2747 1401 2815 Simonem.
1425 2747 1539 2814 Decla-
1615 2779 1616 2782 ¹
1647 2747 1652 2756 ”
1680 2757 1681 2760 ’

204 2861 258 2922 rat
283 2856 497 2944 propositum
530 2875 631 2921 suum
665 2854 895 2944 recuperandi
931 2875 1080 2938 regnum
1114 2856 1314 2944 paternum;
1346 2877 1385 2921 ex
1418 2875 1541 2940 graeco

203 2984 236 3027 v.
256 2966 288 3029 3.
306 2968 325 3028 t
341 2962 536 3028 continetur
554 2962 668 3051 prima
686 2983 769 3050 pars
788 2960 927 3050 periodi
949 2960 1111 3052 (tc-tiana
1126 2968 1169 3042 δὲ,
1190 2965 1255 3028 etc.
1276 2968 1318 3045 δὲ,
1339 2962 1397 3048 δὲ),
1416 2967 1448 3027 et
1467 2983 1488 3027 a
1506 2982 1538 3027 v.
1582 3020 1587 3028 .

205 3075 225 3133 5
248 3068 422 3157 apodosis;
441 3076 546 3155 ἄνδρες
573 3077 673 3152 torpet
699 3068 743 3134 cf.
768 3074 886 3149 10,61;
916 3067 961 3134 ad
980 3067 1210 3134 obtinendum
1235 3061 1382 3155 reguum
1407 3071 1543 3148 ἐξενολὲ-

203 3204 283 3261 γησα
299 3175 415 3263 copias
430 3175 629 3263 peregrinas
644 3173 793 3260 collegit,
810 3174 936 3240 milites
961 3174 1190 3240 mercenarios
1211 3173 1421 3261 conscripsit,
1440 3194 1543 3239 naves

204 3300 344 3369 quoque
363 3282 514 3370 paravit,
533 3281 699 3371 proponit
720 3287 840 3364 ἐκὸῆναι
858 3283 935 3348 κατὰ
954 3288 1006 3361 τὴν
1023 3283 1124 3366 χώραν
1140 3301 1157 3343 e
1178 3278 1262 3344 navi
1281 3277 1486 3344 descendere
1510 3286 1543 3342 et

205 3409 267 3476 per
281 3386 459 3474 regionem
474 3385 646 3467 incedere,
661 3391 742 3465 ’ὁπως
760 3394 908 3470 usatica,
929 3391 966 3451 ut
981 3405 1181 3473 persequar,
1200 3384 1354 3471 puniam.

252 3493 382 3560 Simoni
406 3493 587 3559 confirmat
615 3513 734 3558 omues
763 3489 983 3557 remissiones
1011 3489 1234 3575 vectigalium
1263 3511 1303 3556 ac
1332 3488 1542 3556 tributorum

205 3620 290 3689 quas
303 3600 437 3690 priores
450 3621 550 3686 reges
569 3603 817 3678 concesserant,
835 3605 887 3665 καὶ
902 3603 956 3664 ὅσα
978 3605 1060 3666 ἄλλα
1083 3603 1207 3678 δὸνατα,
1229 3595 1331 3662 etiam
1353 3595 1421 3663 alia
1437 3595 1539 3676 dona,

206 3728 295 3794 quae
317 3711 456 3796 praeter
474 3705 656 3785 tributum,
678 3704 794 3771 offerri
812 3702 998 3784 dehebant,
1024 3702 1074 3768 uti
1092 3691 1230 3783 corona,
1255 3723 1378 3768 aurum
1396 3722 1542 3768 corona·

206 3812 313 3892 rium3
341 3813 428 3880 haec
452 3814 569 3879 omnia
591 3810 764 3901 promittit
791 3831 863 3877 esse
889 3815 923 3876 et
952 3830 1091 3876 manere
1119 3807 1262 3874 remissa
1287 3829 1320 3874 v.
1350 3815 1382 3876 5.
1411 3811 1540 3873 Novum

163 3964 168 3970 -
205 3921 360 3987 favorem
380 3919 536 3986 concedit
557 3941 589 3983 v.
606 3925 639 4002 6,
655 3917 709 3984 ius
728 3937 888 3984 nummos
909 3915 1072 3996 cudendi,
1094 3914 1186 4004 quod
1212 3915 1351 3980 maioris
1373 3913 1541 4002 indepen-

205 4025 344 4094 deutiae
361 4023 530 4092 indicium
551 4031 601 4092 cst
626 4024 777 4114 ideoque
800 4022 900 4091 valde
929 4021 1175 4102 honorificum
1202 4039 1324 4106 ποιῆσαι
1348 4028 1540 4106 uiuacitas

204 4133 346 4218 siguum
365 4154 507 4201 nummo
524 4153 687 4221 percusso
711 4131 920 4220 impressum
946 4129 1072 4208 facere,
1091 4127 1259 4196 adhibere
1281 4129 1474 4218 proprium,
1492 4127 1542 4195 ita

207 4244 243 4305 ut
262 4259 422 4306 nummos
437 4239 540 4306 cudat
553 4261 614 4305 suo
638 4237 777 4304 nomine
797 4236 1189 4324 inscriptosPraeterea
1208 4235 1367 4304 concedit
1381 4235 1541 4301 immuni-

206 4351 311 4413 tatem
330 4368 349 4412 a
366 4345 505 4418 tributis
523 4345 707 4412 Ierusalem
727 4343 806 4410 urbi
826 4349 860 4408 et
872 4343 1087 4422 sanctuari03
1105 4341 1149 4410 ef.
1175 4349 1293 4424 10,31;
1318 4363 1407 4430 quae
1424 4341 1540 4406 Simon

207 4451 355 4542 paravit,
378 4474 484 4533 arma,
506 4451 670 4518 bellicum
702 4455 922 4540 apparatum,
948 4469 1045 4514 arces
1070 4469 1155 4535 quas
1183 4447 1376 4514 aedificavit
1402 4451 1436 4512 et
1457 4467 1542 4535 quas

209 4567 313 4640 tenet,
337 4559 454 4625 omnia
475 4560 559 4625 hacc
580 4558 619 4624 in
645 4558 718 4624 eius
741 4560 908 4645 potestate
934 4559 971 4621 ut
997 4558 1171 4638 maneant
1185 4573 1244 4634 rex
1265 4553 1394 4620 statuit.
1420 4551 1540 4620 Omnia

208 4687 348 4755 quoque
362 4664 481 4733 dehita
502 4687 590 4755 quac
610 4663 686 4751 regi
705 4666 815 4730 essent
834 4658 1063 4750 persolvenda
1082 4659 1114 4724 ei
1137 4658 1380 4725 condonantur
1400 4662 1540 4726 nuncet

210 4794 274 4861 pro
294 4771 554 4862 omnitempore
574 4771 689 4837 tuturo
710 4792 742 4836 v.
759 4774 797 4849 8;
815 4788 900 4853 ergo
922 4767 951 4833 si
970 4765 1054 4855 quid
1072 4770 1180 4831 restat
1200 4786 1240 4831 ex
1253 4770 1408 4854 tempore
1427 4765 1541 4856 priore
