3625 5367
272 327 330 386 ‘⁹256

272 477 406 528 debettare
433 476 572 540 populum.
596 477 648 524 Rea
672 481 760 523 autem
787 486 879 537 perse-

272 568 403 629 quebatur
428 566 605 628 Tryphonem.
633 564 676 614 40.
702 565 734 612 Et
757 563 880 627 peruenit

273 656 439 705 cendebaeus
459 655 592 702 Iomnium
616 660 639 700 et
664 653 748 715 coepit
766 653 879 702 irritare

271 743 373 808 plebem
395 751 418 791 et
442 741 597 791 conoul-care
616 741 746 790 Iudaeam
769 747 792 789 et
814 753 878 803 cap-

272 834 359 882 tivare
382 830 511 896 populum
537 836 562 880 et
585 831 733 894 interficere
755 836 778 877 et
804 829 880 878 aedi-

271 923 349 985 ficare
372 921 510 978 cedorem,
537 919 580 970 tt.
608 927 633 968 et
655 919 796 968 eottoeaeit
821 916 881 966 illie

271 1011 370 1073 equites
387 1016 411 1057 et
431 1010 583 1067 exereitum,
603 1015 632 1056 ut
653 1009 753 1070 eqressi
771 1020 880 1071 peram·

273 1097 396 1147 buiarent
415 1099 489 1146 eiam
505 1098 632 1157 Iudaeae,
654 1097 721 1145 sieut
741 1096 880 1146 constituit

272 1188 295 1234 ei
310 1200 367 1236 rex.

310 1275 379 1336 t6,1.
396 1276 429 1324 Et
449 1275 569 1324 ascendit
585 1280 699 1324 loannes
720 1273 880 1322 decoraris

272 1371 295 1412 et
310 1364 449 1413 nuntiauit
464 1365 568 1412 Simoni
582 1364 660 1428 patri
673 1376 720 1410 suo
736 1350 804 1424 quae
819 1360 881 1425 [ecit

274 1452 440 1502 Cendebaeus
455 1453 485 1500 in
498 1451 598 1516 populo
609 1454 740 1514 ipsarum.
757 1451 782 1500 θ.
796 1451 828 1498 Et
838 1465 880 1499 oo·

272 1544 342 1589 cauit
357 1541 450 1589 Simon
470 1541 534 1590 duas
548 1540 619 1604 filios
636 1540 769 1597 seniores,
786 1539 881 1588 Iudam

272 1636 296 1678 et
311 1630 441 1678 loannem
459 1636 483 1677 et
504 1630 543 1677 ait
564 1628 623 1678 iliis
644 1643 651 1676 .·
673 1641 720 1691 eqo
737 1635 761 1676 et
780 1627 881 1691 [ratres

274 1719 322 1766 mei
338 1725 362 1767 et
377 1719 469 1768 domus
488 1719 577 1782 patris
597 1719 648 1766 mei
668 1717 881 1781 expugnavimus

274 1809 358 1856 hostes
379 1807 465 1855 [στοαί
488 1807 521 1855 ab
544 1805 726 1856 adolescentia
749 1805 882 1867 usquein

274 1897 343 1944 buno
362 1895 432 1942 diem
438 1909 446 1952 ,·
468 1903 491 1943 et
510 1903 699 1959 prosperatum
718 1899 755 1942 est
774 1895 805 1942 in
824 1907 882 1942 rna·

271 1983 352 2032 nibus
365 1985 465 2032 nostris
487 1983 603 2032 liberare
618 1982 705 2032 israel
725 1981 879 2044 aliquoties.

273 2073 299 2120 3.
323 2077 399 2121 Nune
424 2079 512 2121 autern
535 2073 627 2132 senui,
653 2071 697 2119 sed
722 2077 802 2118 estote
827 2069 882 2119 ioco

273 2167 362 2210 meoet
377 2161 477 2225 fratres
492 2161 543 2209 mei
559 2166 582 2209 et
594 2161 693 2222 epressi
703 2165 823 2224 puqnate
832 2172 882 2223 pro

273 2257 349 2311 pente
372 2254 482 2308 nostra;
504 2247 640 2298 aneitium
665 2261 727 2296 rero
753 2247 784 2296 de
813 2245 882 2295 eoelo

276 2339 408 2386 vobiscum
435 2338 481 2385 sit.
507 2337 531 2386 i.
555 2338 587 2384 Et
615 2336 696 2409 eteqit
722 2335 752 2384 de
775 2336 883 2398 reqione

274 2427 374 2490 oiqinti
399 2426 490 2475 miliia
515 2428 635 2475 uirorum
663 2424 884 2488 beitiqeratorum

274 2521 299 2564 et
319 2516 430 2578 equites,
455 2521 479 2564 et
500 2514 616 2579 protecti
635 2521 697 2562 sunt
724 2515 759 2562 od
782 2513 884 2563 cende-

276 2606 378 2664 baeum,
396 2612 419 2652 et
435 2585 602 2653 dorenierunt
616 2605 648 2655 in
663 2603 762 2652 Nodin.

311 2793 337 2839 5.
354 2792 387 2838 Et
397 2796 571 2839 surrexerunt
585 2802 661 2838 mane
674 2796 699 2838 et
714 2790 841 2838 abierunt
855 2789 885 2836 in

277 2891 415 2942 campum;
435 2885 458 2926 et
482 2891 536 2926 ecee
560 2879 689 2929 exereitus
712 2879 832 2941 copiosus
853 2877 885 2924 in

276 2966 382 3016 obuiam
397 2964 455 3012 iilis
471 2965 592 3029 peditum
609 2973 633 3013 et
648 2966 776 3026 equitum,
792 2970 815 3012 et
833 2963 885 3024 ttu-

275 3057 335 3103 eius
349 3059 452 3102 torrens
463 3059 521 3102 erat
534 3055 607 3101 inter
622 3053 737 3100 medium
751 3054 882 3116 ipsorum.

278 3142 303 3192 6.
315 3142 348 3190 dr
359 3142 477 3190 admouit
487 3148 576 3190 eastra
585 3147 678 3190 eontra
689 3140 786 3205 sociem
796 3153 886 3188 eorum

277 3233 335 3296 ipse
354 3237 379 3280 et
397 3229 515 3295 populus
534 3230 606 3290 eius,
623 3233 649 3281 et
667 3231 737 3279 sidit
755 3228 886 3295 populum

278 3321 457 3385 trepidantem
476 3320 511 3368 ad
532 3319 767 3384 tramfretandum
780 3326 887 3368 torren-

279 3417 329 3458 tem
353 3416 378 3458 et
403 3409 595 3471 transfretavit
618 3410 733 3471 primus,
760 3416 783 3456 et
813 3408 886 3456 eide·

279 3504 343 3546 runt
362 3510 420 3546 eum
438 3499 492 3545 riri
510 3505 533 3546 et
557 3498 725 3547 transierunt
744 3503 802 3560 post
817 3510 885 3544 enen.

279 3587 305 3635 7.
322 3585 356 3634 Et
375 3586 468 3635 diuisit
485 3585 614 3651 populum
628 3593 653 3635 et
675 3586 776 3647 equites
791 3586 822 3634 in
837 3598 886 3632 me-

278 3675 322 3724 dio
333 3675 468 3739 peditum
478 3682 536 3724 erat
548 3681 635 3724 autem
644 3676 779 3736 equitatus
791 3675 887 3722 adoer-

278 3764 413 3813 sario'rum
428 3765 548 3828 copiosus
564 3764 656 3812 nimis.
669 3763 695 3812 8.
708 3763 740 3811 Et
752 3761 887 3812 exclama-

281 3859 374 3902 eerunr
382 3855 467 3902 saeris
479 3853 560 3912 tubis,
573 3860 597 3901 et
605 3854 637 3901 in
644 3852 738 3915 fraqam
748 3865 887 3901 conuersus

280 3948 317 3988 est
337 3941 506 3990 cendebaeus
529 3948 554 3989 et
575 3946 666 3990 eastra
685 3942 757 3997 eius;
776 3947 800 3989 et
820 3941 888 3989 ceci-

286 4028 382 4076 derunt
401 4042 432 4076 ee
451 4031 489 4077 eis
514 4028 591 4077 multi
613 4029 766 4085 eutnerati;
786 4029 889 4078 residui

287 4121 374 4163 autern
389 4116 420 4164 in
433 4117 608 4165 munitionem
621 4116 758 4179 (eperunt.
774 4117 799 4166 9.
818 4121 890 4164 Tune

288 4203 444 4253 obliteratus
473 4210 509 4253 est
539 4204 620 4253 iudas
648 4204 736 4268 trater
762 4205 889 4262 ioannis;

286 4295 400 4342 ioannes
424 4300 512 4343 autem
528 4295 666 4342 insecutus
681 4300 718 4342 est
741 4306 794 4358 eos,
809 4293 890 4342 doeeee

287 4383 361 4432 uenit
372 4385 516 4434 cedronem
526 4395 607 4446 quom
619 4383 781 4447 aedificavit.
800 4383 841 4432 10.
858 4388 891 4431 Et

284 4472 412 4536 [uqerunt
440 4487 522 4535 usque
547 4472 582 4521 ad
607 4478 693 4521 turres
721 4485 788 4533 quae
813 4481 891 4522 erant

285 4565 315 4612 in
335 4564 409 4625 aqris
428 4564 519 4624 Arati,
542 4569 566 4611 et
590 4562 723 4610 succendit
748 4575 792 4610 eas
818 4562 889 4623 iqni.

284 4652 316 4700 Et
331 4651 480 4700 ceciderunt
501 4651 608 4700 exiliis
628 4651 679 4700 duo
700 4649 792 4698 mittio
816 4651 890 4698 eiro-

283 4752 343 4788 rum
350 4753 358 4798 ,¹
370 4746 393 4788 et
408 4753 529 4790 reuersus
541 4739 618 4788 estin
632 4739 757 4788 iudaeam
773 4740 803 4786 in
813 4751 888 4802 paee.

774 323 802 380 ι.
827 337 918 379 σιω.
943 301 1154 392 tuso-meo.

926 471 972 537 τὰς
992 467 1076 535 πύλας
1097 468 1144 527 καί
1164 467 1235 535 ὅπως
1256 469 1395 546 πολεμήση
1415 468 1460 526 τὸν
1477 467 1551 527 λαόν.
1566 466 1602 528 Ὁ

927 559 953 616 δὲ
979 556 1102 636 βασιλεὺς
1126 557 1217 616 ἐδίωκε
1242 557 1286 616 τὸν
1310 556 1454 638 Τρύφωνα.
1475 559 1523 618 40.
1548 559 1603 618 Καὶ

926 645 1093 725 παρεγενήθη
1129 645 1287 714 Κενδεόαίος
1321 649 1356 712 εἰς
1388 645 1521 723 Ἰάμνειαν
1554 645 1600 704 καὶ

926 734 1023 814 ἤρξατο
1037 739 1082 794 τοῦ
1098 736 1220 811 ἐρεθίζειν
1235 734 1280 794 τὸν
1298 733 1361 794 λαόν
1381 737 1426 794 καί
1446 733 1601 810 έμύατεύειν

927 830 964 890 εἰς
982 823 1029 895 sip
1045 822 1177 882 Ἰουδαίαν
1195 825 1240 882 καί
1260 824 1465 903 αἰχμαλωτίζειν
1480 823 1523 882 τὸν
1537 823 1601 881 λαὀν

926 915 972 971 καὶ
999 911 1126 992 φονεύειν,
1151 912 1196 970 καί
1222 912 1378 992 ᾠκοδόμησε
1403 912 1451 982 τὴν
1480 911 1600 992 Κεδρών.

928 1004 976 1061 41.
992 1002 1046 1060 Καὶ
1058 1001 1147 1069 ίταίεν
1159 1003 1214 1060 ἐκεῖ
1222 1003 1311 1067 ἱππεῖς
1325 1001 1371 1059 καί
1386 1001 1520 1076 δυνάμεις,
1532 1000 1604 1064 ὅπως

927 1090 1131 1170 ἐκπορευόμενοι
1153 1089 1290 1158 ἐξοδεύωσι
1309 1091 1356 1156 τὰς
1374 1088 1447 1156 ὁδοὺς
1466 1093 1512 1159 τῆς
1530 1090 1602 1148 Ἰου-

928 1177 1013 1250 δαίας,
1027 1176 1096 1237 nobb
1111 1178 1250 1247 συνέταξεν
1266 1180 1338 1258 αὐτῷ
1352 1183 1366 1235 θ
1382 1178 1514 1256 βασιλεύς.

971 1269 1051 1338 16,1.
1077 1268 1132 1326 Καὶ
1161 1268 1242 1338 iside,
1271 1266 1396 1337 Ἰωάννης
1421 1269 1450 1324 ἐκ
1475 1267 1602 1342 Γαζάρων

927 1355 972 1414 καί
1001 1355 1143 1432 σίπήγγειλε
1174 1357 1277 1432 Σίμωνι
1306 1359 1343 1434 τῷ
1372 1355 1454 1432 πατρί
1483 1357 1561 1416 αὐτοῦ
1586 1357 1602 1413 θ

928 1445 1059 1502 συνετέλει
1075 1443 1242 1512 Κενδεόαῖος.
1258 1447 1287 1504 i.
1304 1443 1359 1503 Καί
1376 1445 1485 1502 ἐκάλεσε
1508 1445 1600 1517 Σίμων

927 1531 985 1599 τούς
998 1533 1044 1591 δύο
1056 1532 1126 1600 υίσθς
1137 1537 1216 1592 αὐτοῦ
1229 1531 1287 1598 τοὺς
1298 1533 1490 1612 πρεσόυτέρους
1500 1531 1602 1592 Ἰούδαν

928 1623 972 1680 καὶ
995 1621 1133 1694 Ἰωάννην,
1156 1626 1202 1680 καὶ
1224 1612 1295 1680 εἶπεν
1318 1624 1416 1687 αὐτοῖς·
1438 1621 1490 1698 ἐγὼ
1513 1621 1559 1680 καί
1581 1625 1605 1679 οἱ

929 1711 1037 1790 ἀδελφοί
1051 1734 1102 1788 μου
1117 1710 1162 1769 καί
1178 1715 1191 1769 ὁ
1206 1699 1276 1775 οἶκος
1294 1717 1339 1769 τοῦ
1357 1709 1456 1787 πατρός
1475 1733 1525 1786 μου
1540 1712 1605 1768 ἔπο-

928 1799 1083 1876 λεμήσαμιν
1097 1799 1157 1865 τοὺς
1171 1801 1312 1875 πολεμίους
1324 1798 1433 1879 Ἰσραὴλ
1448 1797 1501 1856 deb
1515 1798 1605 1870 νεότη-

928 1911 970 1954 τος
989 1887 1038 1956 ἕως
1055 1893 1103 1958 τῆς
1125 1887 1239 1966 σήμερον
1259 1888 1358 1967 ἡμέρας
1377 1887 1423 1946 καί
1443 1887 1558 1957 εύοδώθη
1578 1889 1604 1944 έν

928 1977 985 2042 ταῖς
998 1976 1090 2055 χερσίν
1106 1979 1182 2052 ἡμῶν
1198 1977 1327 2058 ῥύσασθαι
1342 1977 1385 2034 τὸν
1400 1975 1508 2057 Ἰσραὴλ
1521 1979 1604 2033 πλεο-

929 2063 1011 2130 νσίκις.
1034 2067 1064 2125 3.
1087 2067 1143 2124 Νῦν
1163 2065 1191 2123 δὲ
1211 2066 1347 2146 γεγήρακα
1370 2065 1415 2123 καί
1436 2065 1510 2142 ὑμεῖς
1530 2063 1557 2124 δέ
1577 2065 1605 2122 ἒν

928 2155 967 2233 τῷ
990 2151 1057 2212 ἐλέει
1081 2155 1167 2212 ἱκανοί
1194 2155 1254 2214 ἐστε
1280 2158 1306 2214 ἐν
1330 2164 1382 2220 τοῖς
1405 2153 1485 2213 έτισι·
1503 2151 1605 2230 γίνεσθε

930 2245 986 2300 ἀντ’
999 2244 1064 2316 ἐμοῦ
1077 2242 1123 2301 καί
1136 2249 1181 2302 τοῦ
1195 2243 1308 2324 σἰδελροῦ
1328 2265 1388 2320 μου,
1404 2241 1449 2300 καί
1461 2239 1607 2310 ἐξελθόντες

930 2334 1109 2411 ὑπερμαχεῐτε
1131 2333 1197 2408 ὑπὲρ
1219 2339 1265 2391 τοῦ
1284 2329 1370 2398 ἔθνους
1388 2334 1508 2407 ἡμῶν,ἡ
1529 2329 1556 2389 δὲ
1576 2333 1606 2388 ἐκ

929 2426 974 2478 τοῦ
989 2421 1099 2499 οὐρανοῦ
1116 2419 1223 2496 βοήθεια
1243 2419 1311 2479 ἔστω
1332 2417 1389 2490 μεθ’
1403 2424 1486 2496 ὑμῶν.
1507 2423 1537 2480 4.
1554 2419 1607 2479 Καὶ

931 2507 1051 2578 ἐπέλεξεν
1065 2511 1095 2567 έκ
1110 2511 1156 2579 τῆς
1170 2507 1258 2588 χώρας
1271 2509 1353 2568 εἴκοσι
1367 2508 1489 2588 χιλιάδας
1504 2507 1606 2590 ἀνδρῶν

931 2599 1097 2670 πολεμιστῶν
1118 2597 1164 2655 καί
1184 2599 1273 2663 ἱππεῖς
1294 2596 1340 2656 καί
1361 2597 1541 2675 ἐπορεύθησαν
1564 2599 1607 2656 ἐπὶ

929 2687 974 2746 τὸν
987 2685 1147 2747 Κενδεόαῒον
1161 2685 1206 2744 καί
1219 2685 1401 2762 ἐκοιμήθησαν
1414 2688 1440 2744 ἐν
1454 2682 1570 2746 λίωδιίν.

972 2779 1001 2835 5.
1020 2777 1072 2834 Καί
1092 2774 1253 2842 ἀναστάντες
1266 2776 1296 2833 τὸ
1309 2773 1381 2854 πρωῒ
1401 2774 1558 2855 ἐπορεύοντο
1572 2777 1608 2840 εἰς

931 2863 961 2922 τθ
971 2863 1070 2935 πεδίον,
1083 2865 1127 2920 καὶ
1141 2861 1195 2921 ἰδού
1209 2865 1319 2940 δύναμις
1330 2861 1417 2933 πολλὴ
1430 2866 1466 2929 είς
1478 2865 1607 2934 συνάντη-

931 2975 972 3011 σιν
986 2953 1084 3024 αὐτοῖς,
1098 2951 1193 3020 πεζικὴ
1211 2951 1256 3010 καί
1273 2955 1373 3022 ἱππεῖς,
1387 2951 1433 3011 καί
1446 2959 1609 3032 χειμάρρους

931 3033 962 3110 ἦν
979 3041 1110 3114 ἀναμέσον
1129 3043 1224 3100 αὐτῶν.
1240 3043 1270 3102 6.
1288 3042 1340 3102 Καὶ
1360 3041 1525 3118 παρενέθαλε
1539 3041 1609 3100 κατὰ

931 3128 1069 3204 πρόςωπον
1089 3131 1174 3186 αὐτῶν
1196 3130 1274 3196 αὐτὸς
1292 3131 1337 3187 καὶ
1353 3133 1367 3188 θ
1384 3129 1446 3195 λαός
1467 3131 1545 3188 αὐτοῦ
1563 3131 1608 3188 καί

932 3207 984 3276 εἶδε
1013 3216 1057 3275 τὸν
1085 3216 1149 3275 λαὸν
1178 3218 1343 3295 δειλούμενον
1373 3221 1533 3296 διαπερᾶσαι
1564 3219 1608 3277 τόν

931 3306 1103 3385 χειμάρρουν,
1125 3305 1171 3365 καί
1190 3306 1331 3384 διεπέρασε
1351 3311 1466 3387 πρῶτος,
1487 3309 1531 3364 καὶ
1552 3305 1607 3364 ίδον

933 3395 1012 3453 αὐτὸν
1036 3397 1059 3454 οἱ
1085 3395 1176 3474 ἄνδρες
1197 3395 1242 3453 καί
1267 3397 1426 3470 διεπέρασαν
1449 3397 1608 3454 κατόπισθεν

934 3487 1025 3545 αὐτοῦ.
1042 3488 1069 3544 7.
1086 3483 1140 3544 Καὶ
1156 3485 1233 3542 διεῖλε
1249 3485 1293 3543 τὸν
1303 3483 1371 3544 λαὸν
1387 3484 1433 3543 καὶ
1448 3485 1507 3551 τοὺς
1520 3486 1611 3548 ίππεῑς

934 3576 960 3631 ἐν
977 3572 1051 3650 μέσῳ
1063 3576 1115 3631 τῶν
1130 3575 1258 3646 necisum
1276 3573 1300 3630 δέ
1320 3571 1401 3639 ἵππος
1420 3577 1471 3632 τῶν
1491 3577 1610 3632 ὑπεναν-

930 3661 996 3719 ’τίων
1017 3660 1102 3732 πσλλὴ
1124 3659 1234 3742 σφόδρα.
1254 3663 1282 3722 8.
1307 3664 1361 3722 Καὶ
1382 3665 1531 3722 έσάλπισαν
1553 3667 1612 3727 ταῖς

933 3753 1017 3828 ἱεραῖς
1045 3749 1183 3826 σάλπιγξι,
1211 3749 1257 3808 καί
1286 3749 1424 3832 ἐτροπώθη
1452 3749 1612 3816 Κενδεόαῖος

934 3839 980 3898 καί
995 3844 1012 3909 i,
1027 3839 1186 3918 παρεμὸολὴ
1207 3842 1296 3910 αὐτοῦ,
1309 3841 1355 3898 καί
1374 3841 1468 3898 ἔπεσον
1481 3838 1507 3908 ἐξ
1521 3842 1611 3899 αὐτῶν

935 3927 1098 4006 τραυματίαι
1138 3927 1242 3986 πολλοί·
1274 3930 1298 3986 σί
1331 3928 1358 3986 δέ
1394 3925 1612 4008 καταλειφθέντες

936 4017 1028 4096 ἔφυγον
1042 4019 1077 4083 εἰς
1090 4016 1120 4075 τὸ
1133 4017 1272 4096 ὀχύρωμα.
1288 4021 1317 4076 9.
1333 4017 1400 4077 Τότε
1413 4017 1612 4094 έτραυματίσθη

936 4105 1037 4171 Ἰούδας
1050 4109 1063 4164 ό
1078 4107 1188 4185 ἀδελφὸς
1203 4103 1338 4166 Ἰωάννου·
1353 4105 1476 4176 Ἰωάννης
1491 4107 1517 4164 δὲ
1529 4128 1612 4164 κατε-

937 4194 1026 4262 δίωξεν
1047 4191 1140 4260 αὐτοὺς
1157 4195 1205 4260 ἕως
1222 4187 1299 4262 ἦλθεν
1317 4195 1352 4260 είς
1370 4193 1477 4273 Κεδρὼν
1494 4193 1527 4264 ἣν
1544 4194 1611 4274 ᾠκο-

937 4282 1047 4358 δόμησε.
1064 4284 1110 4343 10.
1129 4284 1180 4342 Καὶ
1200 4281 1294 4362 ἔφυγον
1310 4283 1357 4348 ἕως
1371 4285 1407 4350 είς
1421 4282 1480 4348 τοὺς
1496 4280 1612 4361 πύργους

937 4369 996 4438 τοὺς
1017 4374 1043 4430 ἐν
1065 4373 1117 4437 τοῖς
1140 4374 1228 4450 ἀγροῖς
1252 4371 1370 4440 Ἀζώτου
1391 4375 1438 4430 καί
1458 4370 1610 4451 ἐνεπύρισεν

939 4460 1019 4533 αὐτὴν
1035 4462 1060 4518 ἐν
1076 4462 1140 4538 πυρὶ
1155 4461 1200 4519 καὶ
1215 4462 1308 4520 ἔπεσον
1323 4459 1349 4528 ἐξ
1363 4461 1448 4519 obedo
1464 4463 1500 4526 είς
1515 4459 1612 4538 ἄνδρας

937 4549 1085 4627 διςχιλίους·
1099 4548 1144 4608 καί
1159 4549 1322 4630 ἀπέστρεψεν
1336 4552 1371 4616 εἷς
1383 4553 1432 4626 γῆν
1445 4547 1533 4610 Ἰούδα
1548 4549 1609 4625 μετ’

938 4636 1052 4717 εἰρήνης.
