3625 5367
601 364 787 409 CONSPECTUS
809 364 911 407 uendit
935 361 1103 412 trulusous
1124 360 1215 403 lissi,

327 683 410 733 ludas
424 682 569 731 constituit
584 679 679 737 duces,
697 678 833 739 tribunos
851 679 1041 736 centuriones,
1059 688 1124 739 pen-

361 771 566 831 tacontarchae,
580 770 755 829 decuriones

326 859 452 911 collocat
467 862 559 909 castra
573 857 608 907 ad
624 858 750 906 austrum
765 856 926 908 Emmaum:

325 950 452 998 Vincitur
468 950 496 997 in
508 958 604 1010 pugna
618 946 741 995 Nicanor
747 958 754 1004 ;

325 1037 444 1099 Gorgias
457 1048 569 1100 quoque
585 1034 763 1098 expeditione
777 1046 827 1082 sua
843 1032 912 1081 nihil
928 1030 1034 1090 etleeit;

326 1125 419 1175 ludaei
432 1125 527 1188 ampla
540 1124 632 1187 spolia
643 1122 778 1185 eolligunt

325 1212 424 1278 Turpis
436 1212 503 1275 iuga
518 1212 666 1261 Nicanoris

325 1301 429 1365 Copiae
449 1312 562 1365 quoque
581 1298 721 1349 Timothei
742 1304 770 1347 et
790 1296 944 1347 Bacchides
958 1298 1110 1345 vincuntur
1117 1308 1124 1355 ,-

360 1390 495 1440 occiditur
512 1388 685 1449 Philarches,

326 1478 513 1529 Callisthenes
523 1478 571 1541 qui
585 1490 680 1527 sacras
695 1478 793 1526 ianuas
809 1474 982 1534 incenderat,
997 1472 1127 1523 lucendio

361 1568 444 1629 periit

326 1655 428 1705 Clades
442 1656 588 1705 nuntiatur
599 1652 702 1725 ‘Lysiae

1185 763 1247 820 ass
1346 804 1353 826 ,

1187 852 1249 912 aer

1166 941 1264 994 tels
1346 981 1372 1005 ,.
1428 957 1431 976 ·

1171 1030 1263 1094 uteo

1188 1120 1250 1182 aaa
1348 1124 1390 1184 ,-

327 1744 563 1807 Eodemtempore
571 1744 850 1793 Antiochusconatur
860 1740 995 1803 templum
1004 1738 1127 1801 spoliare
1214 1782 1220 1805 ‚

326 1833 396 1884 Cum
420 1840 495 1883 esset
517 1834 546 1881 in
565 1834 611 1881 via
631 1844 730 1881 versus
754 1831 912 1889 Ecbatana,
933 1828 1079 1877 nuntiatur
1101 1829 1127 1877 ei

362 1920 457 1971 clades
472 1920 621 1970 Nicanoris
634 1924 662 1969 et
677 1920 816 1969 Timothei

248 2016 295 2065 165
327 2010 460 2074 Sequenti
475 2023 550 2059 anno
565 2010 664 2071 Lysias
676 2008 782 2058 bellum
795 2009 880 2056 movit
893 2013 922 2055 et
936 2007 1071 2065 vincitur,

327 2100 430 2149 Sancta
450 2098 628 2156 mundantur,
651 2097 742 2147 cultus
761 2096 927 2154 restituitur,
949 2094 1016 2144 urbs
1034 2095 1126 2142 muni-

361 2190 415 2249 tur,
433 2186 572 2237 Bethsura
586 2187 710 2235 munitur

327 2277 431 2327 Gentes
444 2277 472 2323 in
487 2276 605 2324 circuitu
616 2276 765 2337 insurgunt
777 2276 874 2323 eontra
889 2271 998 2330 Iudam,
1012 2274 1060 2334 qui
1073 2284 1127 2334 pu·
1195 2283 1219 2339 ·‚

362 2366 429 2427 gnat
453 2369 551 2413 contra
577 2362 741 2423 idumanS,
768 2361 958 2420 Ammonitas,
983 2359 1125 2423 Gorgiam,

363 2453 541 2503 Timotheum
602 2470 606 2479 ·

326 2543 438 2592 interea
459 2540 599 2591 Antiocho
623 2542 684 2602 regi
709 2542 824 2613 nuntius
851 2537 967 2588 affertur
991 2538 1026 2588 de
1049 2537 1128 2587 clade
1214 2589 1220 2612 5

362 2632 462 2695 Lysiae
484 2632 511 2680 et
535 2630 569 2679 de
594 2630 670 2679 cultu
695 2630 852 2679 restaurato
877 2630 904 2679 et
932 2628 967 2678 de
989 2628 1129 2679 Bethsura

362 2722 497 2784 occupata

328 2810 482 2859 Antiochus
499 2806 598 2855 incidit
613 2808 641 2854 in
655 2806 782 2856 morbum

250 2902 298 2953 lul
328 2897 441 2946 Moritur
453 2896 607 2945 Antiochus
619 2893 749 2955 Philippo
759 2895 912 2943 constituto
920 2905 1005 2956 super
1015 2892 1130 2955 negotia

363 2984 459 3046 regnl;

331 3074 416 3127 Filius
443 3072 585 3130 Antiochi,
609 3068 743 3135 Eupator,
773 3070 857 3131 Lysia
884 3072 987 3130 tutore,
1010 3082 1128 3131 regnum

364 3162 494 3223 suscipit,

330 3250 427 3313 Lysias
441 3249 560 3314 alterum
575 3248 694 3311 suscipit
705 3248 809 3297 bellum
825 3250 923 3296 contra
937 3243 1082 3307 ludaeos,'

330 3340 427 3403 Lysias
442 3340 533 3388 victus
547 3338 666 3400 turpiter
681 3336 791 3399 lugiens
807 3338 904 3385 eiraslt.

330 3430 410 3479 Pacis
425 3426 600 3477 conditiones
612 3426 717 3488 expetit
730 3438 747 3474 a
761 3425 843 3485 luda;
858 3426 1020 3475 conceditur
1031 3439 1048 3474 a
1062 3438 1129 3487 rege

364 3516 485 3580 ludaeis,
499 3520 530 3565 ut
549 3515 609 3564 suis
630 3514 754 3564 moribus
773 3514 883 3573 vivant;
905 3516 1057 3564 recitantur
1078 3515 1128 3564 do-

364 3610 505 3655 eumenia.

329 3695 487 3757 Regionum
501 3691 635 3756 praelecti
650 3694 678 3741 iu
695 3691 814 3741 ludaeos
829 3692 939 3741 saevire
954 3695 1074 3755 pergunt

330 3784 479 3847 Flagitium
494 3781 677 3847 Ioppitarum,
695 3786 723 3829 et
743 3782 850 3829 malitia
874 3780 1057 3830 lamnitarum
1076 3794 1127 3845 pu·

365 3875 440 3922 nitur

331 3963 486 4023 Suscipitur
500 3972 595 4023 pugna
615 3960 712 4007 contra
727 3958 902 4007 Timotheum
921 3957 998 4022 (ipsis
1012 3961 1129 4007 nomini·

363 4051 416 4099 bus
442 4050 603 4110 regionum,
627 4047 738 4095 urbium
763 4060 795 4095 ea
822 4048 923 4108 partlm
946 4049 1024 4109 tangi
1052 4053 1127 4110 patet

364 4150 437 4202 quae
455 4140 464 4186 t
483 4136 572 4185 llaeh.
596 4136 639 4195 5,9
654 4137 726 4198 seq.)

331 4230 428 4278 Cimon
439 4228 547 4289 pugnat
559 4227 587 4273 in
604 4224 730 4273 Galilaea
745 4228 842 4273 contra
862 4224 962 4286 Tyrios

249 4346 251 4349 -
331 4318 440 4367 Interea
456 4314 593 4376 Iosephus
609 4318 636 4362 et
652 4314 844 4361 Autuiusvicti
859 4315 955 4363 sunta
971 4314 1075 4376 Gorgia

332 4408 383 4455 l’er
399 4405 522 4467 Ephron,
541 4402 725 4463 Scythopolin
741 4404 890 4450 revertitur
908 4402 992 4451 Iudas
1006 4404 1035 4451 in
1050 4402 1128 4452 leru-

365 4495 452 4543 salem
471 4504 557 4554 prope
572 4489 674 4540 testum
690 4490 871 4539 Pentecostes

331 4586 398 4634 Post
418 4582 602 4632 Pentecosten
624 4584 766 4641 pugnatur
791 4584 889 4629 contra
913 4580 1056 4643 Gorgiam,
1083 4583 1129 4644 qui

366 4673 479 4733 lugetur
492 4670 519 4717 in
535 4668 652 4727 Marses,

332 4759 503 4817 Sacritieium
516 4770 565 4821 pro
581 4758 696 4808 mortuis

1176 2819 1222 2879 ti,8
1238 2832 1263 2867 s.
1321 2820 1365 2870 til
1380 2834 1404 2869 s.

1189 2996 1251 3056 erl
1329 2999 1391 3060 aaa
1450 2992 1497 3042 us

1189 3174 1252 3235 au
1328 3178 1407 3238 ioue

1178 3262 1258 3330 aas)
1332 3268 1389 3329 u,1

1325 3357 1402 3418 thu

1327 3446 1404 3505 uua

1530 3360 1577 3411 tta
