3625 5367
764 323 792 381 l.
816 334 910 381 ulcu.
934 321 1053 390 l,7-10.
1536 326 1576 384 43

241 476 414 559 rogatum,
438 470 576 539 cuinam
601 491 749 557 regnum
775 469 996 558 relinqueret,
1018 470 1232 560 respondisse
1250 482 1292 558 τῷ
1316 480 1462 560 κρατίστῳ
1486 472 1576 561 (Arr.

241 576 396 666 thaat,
418 577 552 644 dedisse
572 597 711 666 quoque
733 576 924 643 detractum
949 576 1060 662 digito
1083 576 1251 645 annulum
1268 577 1447 645 Perdiccae
1466 578 1577 667 (Diod.

243 683 494 767 17,11*1.3;cf.
518 689 608 765 18,1.
623 682 669 771 t).
694 688 874 756 Praeterea
900 689 999 750 notat
1023 683 1187 750 Arrianus
1209 705 1244 750 se
1270 683 1356 750 scire
1380 682 1490 751 multa
1510 685 1579 752 alia

241 790 284 858 de
311 792 382 859 eius
404 790 501 857 obitu
531 788 658 881 scripta
684 810 767 871 esse,
791 789 897 856 veluti
925 811 1097 857 venenum
1125 789 1158 855 ei
1186 811 1257 857 esse
1285 789 1577 858 administratum.

242 896 419 965 lactabant
436 895 561 965 Rhodii
588 895 821 964 Alexandrum
838 900 1079 963 testamentum
1097 896 1141 963 de
1154 899 1226 963 toto
1246 918 1355 983 regno
1370 896 1441 963 illic
1468 896 1578 986 depo-

242 1004 349 1071 suisse
364 1006 430 1093 (τὴν
440 990 520 1092 Χὑπὲρ
536 1009 612 1087 ’όλης
633 1020 687 1088 τῆς
704 1010 855 1085 βασιλείας
871 1010 1013 1088 διαθήκην
1029 1010 1092 1071 ἐκεῖ
1107 1012 1218 1085 θέσθαι,
1233 1000 1328 1070 Diod.
1349 1009 1460 1085 18,80.
1473 1003 1520 1091 3).
1540 1008 1578 1070 ln

241 1111 303 1178 illa
316 1111 429 1178 insula
444 1108 678 1177 Alexandrum
698 1108 892 1177 condidisse
909 1108 965 1176 vel
976 1108 1173 1198 deposuisse
1184 1113 1440 1191 testamentum,
1458 1109 1578 1199 utique

241 1218 422 1286 manifesta
441 1221 493 1284 est
510 1215 642 1298 fabula:
659 1221 695 1283 at
713 1215 746 1283 ei
760 1223 877 1283 tamen
892 1216 1009 1283 subest
1022 1237 1131 1305 caque
1152 1216 1343 1283 ostenditur
1358 1220 1449 1283 certe
1470 1238 1577 1305 quae-

242 1325 327 1405 dam,
353 1322 527 1413 persuasio
552 1328 586 1389 et
616 1322 820 1413 pervulgata
847 1322 964 1412 opinio
998 1321 1170 1411 quaedam
1200 1322 1244 1388 ab
1271 1321 1467 1391 Alexandro
1494 1327 1575 1389 ante

241 1436 388 1498 mortem
407 1452 479 1497 esse
493 1430 665 1519 imperata
684 1451 723 1497 ac
738 1428 914 1519 disposita.
932 1434 971 1495 nt
989 1450 1110 1496 revera
1126 1428 1230 1519 plura
1242 1427 1435 1496 Alexander
1448 1430 1576 1517 scripta

241 1537 382 1627 reliquit
406 1536 449 1604 de
470 1535 631 1621 navibus,
654 1535 831 1625 portubus,
848 1535 985 1625 templis
1005 1534 1230 1620 exstruendis,
1252 1535 1295 1603 de
1314 1534 1470 1616 coloniis,
1487 1556 1575 1625 quae

240 1649 355 1711 tamen
380 1642 586 1710 exsecutioni
614 1664 685 1709 non
717 1641 880 1709 mandata
908 1647 1000 1719 sunt,
1029 1644 1112 1731 quia
1144 1642 1294 1709 recitatis
1320 1640 1577 1708 commentariis

240 1751 332 1838 regis
350 1770 456 1839 supra
473 1749 614 1817 modum
630 1748 740 1815 ardua
755 1747 967 1815 videbantur
980 1749 1089 1837 (Diod.
1109 1748 1212 1834 18,t).
1231 1753 1340 1827 Quare
1354 1747 1455 1816 facile
1470 1746 1577 1837 expli-

240 1863 338 1925 catur
352 1855 444 1945 quod
465 1854 599 1924 Curtius
615 1854 743 1922 refert:
769 1880 785 1917 α
805 1854 984 1923 credidere
1004 1854 1148 1944 quidam
1166 1858 1371 1923 testamento
1390 1853 1576 1921 Alexandri

240 1962 439 2030 distributas
457 1984 527 2030 esse
546 1961 741 2051 provincias
756 1966 778 2023 '»
801 1962 950 2050 (10,10);
966 1962 1041 2051 ipse
1067 1960 1209 2050 quidem
1229 1960 1350 2029 addit:
1370 1961 1430 2028 sed
1449 1960 1576 2028 famam

242 2069 314 2137 eius
336 2070 387 2135 rei
404 2090 616 2159 quamquam
636 2068 680 2135 ab
703 2068 901 2137 auctoribus
920 2068 1046 2136 tradita
1063 2073 1126 2148 est,
1143 2090 1269 2137 vanam
1291 2068 1393 2135 luisse
1407 2066 1576 2156 comperi-

241 2198 329 2243 mus.
348 2175 555 2243 Testamenti
569 2174 779 2242 mentionem
799 2174 903 2241 etiam
923 2176 1053 2262 ingerit
1067 2174 1269 2242 Ammianus
1287 2173 1518 2242 Marcellinus:
1536 2179 1574 2240 ut

241 2282 332 2348 bella
353 2280 610 2370 praetereamus
626 2280 809 2349 Alexandri
824 2287 857 2347 et
876 2286 1080 2348 testamento
1099 2302 1237 2348 omnem
1257 2282 1432 2348 nationem
1446 2279 1484 2346 in
1497 2301 1574 2346 suc·

240 2388 381 2455 cessoris
391 2387 494 2455 unius
508 2387 583 2456 iure
596 2388 794 2455 translatam
806 2388 926 2477 (23,6)-.
937 2388 1016 2454 llius
1032 2388 1080 2454 rei
1091 2388 1221 2455 lamam
1234 2387 1336 2455 etiam
1350 2385 1443 2478 apud
1457 2387 1573 2452 orien-

241 2494 327 2561 tales
344 2494 462 2576 luisse,
482 2492 560 2560 vide
582 2492 675 2583 apud
697 2493 867 2575 llerhelot,
885 2493 1127 2584 Bibliothequc
1146 2495 1311 2562 orientale
1332 2518 1368 2583 p.
1385 2501 1461 2561 297.
1481 2498 1573 2560 Cete-

240 2620 317 2669 rum
342 2600 412 2667 iam
433 2599 593 2668 Rabanus
619 2603 716 2666 notat
737 2622 744 2667 :
765 2599 957 2666 Alexander
979 2620 1050 2666 non
1071 2605 1142 2666 tam
1165 2600 1240 2690 ipse
1266 2620 1415 2685 regnum
1441 2597 1569 2679 divisit,

240 2728 345 2796 quam
363 2706 434 2773 illis
452 2705 680 2772 dividendum
697 2705 849 2796 reliquit.

284 2812 475 2880 Alexandro
499 2818 635 2879 mortuo
657 2810 879 2893 Arrhidaeus,
905 2811 995 2878 filius
1024 2810 1184 2902 Philippi,
1216 2834 1277 2879 rex
1303 2816 1353 2879 est
1376 2810 1576 2899 designatus

241 2922 340 3011 eique
364 2918 503 2987 additus
529 2917 718 3000 Perdiccas,
739 2904 796 2985 cui
820 2941 878 2985 rex
899 2919 1048 2986 moriens
1070 2919 1237 2985 annulum
1260 2917 1464 3000 tradiderat,
1487 2924 1577 2984 tam-

239 3048 344 3116 quam
372 3026 472 3113 regni
500 3024 729 3114 procuratori.
758 3026 840 3093 Dein
869 3024 1073 3092 distributae
1103 3030 1185 3092 sunt
1215 3024 1433 3116 provinciae;
1465 3024 1578 3092 Ptole-

239 3138 358 3201 maeus
375 3134 457 3220 Lagi
472 3134 604 3222 accepit
625 3136 833 3222 Aegyptum,
851 3130 1049 3199 Laomedon
1070 3130 1215 3219 Syriam,
1233 3132 1384 3200 Philotas
1409 3130 1574 3211 Ciliciam,

240 3239 373 3328 Python
405 3238 567 3319 llediam,
601 3242 769 3305 Eumenes
800 3238 1076 3328 Paphlagoniam
1110 3246 1143 3304 et
1180 3238 1447 3327 Cappadociam,
1477 3240 1576 3303 Anti-

240 3368 352 3433 gonus
373 3346 611 3435 Pamphyliam
633 3344 835 3435 Lyciamque
853 3349 938 3427 etc.;
965 3344 1042 3411 vide
1061 3344 1158 3411 uiod.
1182 3350 1271 3427 18,3.
1300 3343 1480 3411 conditum
1505 3366 1575 3409 esse

241 3453 285 3521 ah
305 3452 496 3525 Alexandro
517 3462 757 3519 testamentum
777 3450 982 3518 recentiores
998 3450 1230 3518 communiter
1248 3455 1393 3536 negant;
1412 3450 1455 3517 cf.
1473 3471 1573 3539 prae·

241 3566 293 3627 ter
305 3562 345 3627 K.
361 3560 421 3627 Gr.
437 3562 493 3625 x's.
508 3563 674 3648 Droysen,
687 3558 827 3643 Beilage
842 3581 903 3625 zur
913 3559 1031 3625 Gesch.
1047 3557 1107 3625 des
1116 3557 1340 3625 hellenismus
1353 3562 1364 3624 l
1376 3580 1409 3646 p.
1424 3562 1488 3623 696
1498 3578 1572 3645 seq.

242 3669 399 3733 Ceterum
424 3665 576 3745 adverte,
597 3665 640 3731 de
666 3670 870 3733 testamento
894 3664 940 3730 ab
964 3663 1155 3731 Alexandro
1174 3664 1302 3752 scripto
1324 3670 1500 3730 auctorem
1520 3685 1574 3730 sa·

241 3794 337 3839 crum
362 3772 504 3839 minime
527 3772 739 3839 mentionem
762 3771 906 3854 inierre3
928 3794 960 3837 v.
979 3776 999 3837 8
1021 3783 1054 3836 et
1073 3769 1233 3859 reperavit
1250 3767 1447 3860 Alexander
1466 3790 1576 3835 abacos

242 3876 421 3946 duodecim
446 3892 479 3945 et
496 3890 650 3945 mortuus
671 3890 719 3944 est
744 3877 834 3944 circa
857 3877 949 3944 diem
976 3882 1016 3944 13
1039 3880 1112 3945 lun.
1139 3881 1202 3942 323
1228 3898 1335 3943 annos
1354 3882 1455 3942 natus
1480 3881 1521 3941 32
1544 3882 1578 3942 ct

242 3990 262 4052 8
278 4006 466 4067 meuses;,v.
482 3991 543 4051 liet
559 3985 781 4051 obtinuerunt
791 3984 893 4071 pueri
904 3984 989 4063 eius,
1006 3983 1028 4051 i.
1048 4005 1077 4050 e.
1092 3982 1240 4051 ministri
1249 3982 1321 4050 eius
1334 3990 1368 4050 et
1376 3981 1461 4048 belli
1476 3981 1578 4048 duces

244 4092 298 4179 (cl.
314 4114 348 4158 v.
364 4090 397 4179 7)
413 4106 572 4181 repom,
591 4092 824 4181 unusquisque
847 4091 884 4156 in
900 4090 972 4157 loeo
984 4112 1057 4173 suo,
1080 4090 1117 4157 in
1131 4112 1171 4158 ea
1196 4089 1376 4180 provincia
1399 4111 1489 4179 quae
1505 4087 1578 4156 cui·

242 4220 310 4287 que
331 4198 444 4264 luerat
466 4198 631 4266 attributa
654 4199 711 4285 (cf.
731 4197 826 4265 Diod.
853 4198 963 4287 18,3);
990 4197 1096 4265 simili
1115 4196 1219 4264 modo
1241 4196 1361 4265 scribit
1384 4195 1575 4285 Polybius:

241 4310 477 4393 postmortem
501 4303 684 4371 Alexandri
708 4304 935 4373 obtinuerunt
955 4307 1008 4384 τὰς
1027 4313 1125 4393 ἅρχας
1144 4314 1252 4384 ταύτας
1276 4306 1446 4383 Seleucus,
1463 4302 1578 4369 Ptole·

243 4430 371 4493 maeus,
390 4412 609 4497 Lysimachus
632 4410 794 4501 (n‚71,5);
816 4411 858 4478 de
874 4434 944 4502 qua
959 4411 1217 4499 provinciarum
1234 4410 1478 4477 distributione
1493 4409 1577 4476 reie-

243 4524 324 4583 runt
342 4516 447 4584 etiam
468 4517 602 4586 Curtius
618 4518 761 4607 (10,10),
778 4518 926 4587 lustinus
947 4519 1067 4607 (lat).
1085 4523 1227 4588 nemum
1244 4540 1275 4583 v.
1300 4524 1339 4583 10
1355 4528 1388 4583 et
1408 4516 1577 4606 imposue-

243 4635 324 4697 rum
346 4646 461 4691 omnes
475 4623 542 4691 sibi
555 4624 753 4692 diademata
768 4640 846 4715 post
865 4637 1009 4691 mortem
1030 4624 1118 4706 eius3
1142 4623 1178 4690 id
1197 4623 1314 4691 statim
1329 4630 1406 4712 post
1430 4627 1576 4691 mortem

151 4722 158 4737 ’
245 4729 427 4798 Alexandri
446 4733 574 4801 lactum
591 4734 674 4814 esse,
692 4754 732 4797 ex
747 4731 848 4798 modo
869 4730 1037 4799 narrandi
1052 4752 1121 4799 non
1136 4731 1308 4819 sequitur:
1329 4751 1448 4797 verum
1467 4736 1576 4797 morte
