3625 5367
723 315 751 372 i.
774 329 866 373 uscn.
891 315 973 386 7,33.
1458 321 1515 379 tto

183 475 227 525 38.
242 475 301 539 v[erc
326 474 473 524 uindictam
490 475 524 524 ‘in
552 476 656 525 homine
685 478 734 526 isto
763 483 787 525 et
834 453 904 523 οἶκον
920 468 1064 543 προςευχῆς
1078 464 1125 523 καί
1141 465 1253 538 δεήσεως
1269 470 1306 544 τῷ
1318 469 1377 547 λαῷ
1390 488 1447 528 σου·
1462 471 1513 530 38.

182 565 299 614 exercitu
318 564 375 613 eius
396 565 536 613 etcadant
556 565 587 613 in
608 564 717 627 pladio;
732 579 787 614 mc·
833 553 944 624 ποίησσν
963 553 1097 624 ἐκδίκησιν
1112 560 1138 613 ἐν
1153 557 1191 636 τῷ
1208 555 1341 637 ἀνθρώπῳ
1364 556 1450 636 τούτῳ
1469 558 1514 616 καί

183 660 269 703 mento
285 652 466 715 blasphemias
480 666 571 701 corum
587 661 611 703 et
630 667 664 702 ne
682 655 787 704 dederis
834 643 911 720 ἑντῇ
934 643 1092 722 παρεμύολῇ
1117 645 1208 719 αὐτοῦ,
1238 645 1285 702 καί
1307 644 1462 704 πεσίτωσαν
1487 648 1513 704 ἐν

183 743 466 805 eisutpermaneant.
834 729 962 811 ῥομφαίφ·
990 731 1121 805 μνήσθητι
1146 735 1199 790 τῶν
1227 735 1382 814 δυσφημιῶν
1414 737 1511 810 αὐτῶν,

833 816 879 877 καὶ
901 818 939 894 μὴ
956 819 1005 898 δῷς
1019 821 1107 886 αὐτοῖς
1122 821 1216 897 μονήν.

220 918 265 968 39.
284 919 318 967 Et
342 919 408 966 exiit
438 919 559 968 Nicanor
583 920 615 968 ab
643 921 788 969 Ierusalem
873 909 924 967 39.
948 909 1001 967 Καί
1025 908 1116 979 ἐξῆλθε
1140 911 1267 990 Νικάνωρ
1289 910 1315 980 ἐξ
1334 910 1510 991 Ἰερουσαλὴμ

182 1016 209 1056 et
226 1014 315 1057 castra
339 1005 473 1071 applicuit
495 1008 530 1057 ad
549 1009 684 1058 Bethoron
700 1015 724 1057 et
744 1022 787 1058 oc·
833 995 879 1054 καί
893 995 1072 1074 παρενέύαλεν
1088 1001 1113 1056 ἐν
1128 998 1273 1078 Βαιθωρὼν
1289 996 1334 1059 καί
1349 1002 1509 1073 συνήντησεν

184 1095 325 1147 συνείσιθι·
336 1098 464 1146 eenricus
476 1098 584 1158 Suriae.
602 1097 646 1147 4θ.
661 1098 694 1150 Et
707 1097 789 1147 iudas
834 1087 905 1164 αὐτῷ
927 1083 1037 1163 δύναμις
1052 1085 1160 1164 Συρίας.
1178 1091 1227 1148 40.
1252 1088 1305 1148 Καὶ
1324 1088 1425 1156 Ἰούδας
1439 1113 1510 1166 παρ-

185 1183 318 1249 apph'cuit
338 1186 370 1234 in
392 1186 497 1234 Adarsa
520 1199 579 1234 eum
598 1187 684 1235 trihus
702 1186 788 1235 milli·
834 1171 956 1231 ενέύαλεν
974 1176 1000 1231 ἐν
1016 1174 1116 1233 Ἀδασδι
1132 1177 1159 1233 ἐν
1174 1177 1323 1270 τριςχιλίοις
1339 1177 1446 1257 ἀνδράσι
1466 1177 1513 1236 καί

186 1274 232 1323 hus
265 1274 334 1322 ciris
366 1281 390 1323 et
423 1276 511 1324 oravit
541 1276 622 1324 iudas
648 1281 673 1324 et
694 1275 786 1324 dicit:
833 1261 995 1338 προσηύξατο
1018 1263 1118 1331 Ἰούδας
1139 1264 1184 1323 καί
1208 1271 1291 1324 εἶπεν·
1317 1269 1366 1326 41.
1392 1269 1416 1325 oi
1439 1267 1513 1345 παρὰ

185 1360 229 1411 41.
245 1363 292 1424 qui
306 1363 468 1412 missierant
483 1377 500 1411 a
519 1377 579 1426 repe
594 1364 786 1423 Sennacherib,
834 1359 878 1410 τοῦ
907 1350 1037 1430 βασιλέως
1061 1347 1211 1432 Ἀσσυρίων
1244 1351 1286 1412 ὅτε
1313 1355 1514 1434 ἐδυσφήμησαν,

184 1452 303 1511 Domine,
320 1451 385 1513 quio
403 1450 657 1515 blasphemaverunt
672 1459 705 1512 te,
723 1453 788 1501 eniit
835 1438 939 1510 ἐξῆλθεν
955 1441 1064 1518 ἄγγελός
1085 1463 1141 1516 σου,
1166 1441 1260 1521 Κύριε,
1278 1443 1323 1501 καὶ
1344 1443 1473 1512 ἐπάταξεν
1488 1447 1514 1502 ἐν

184 1539 297 1602 nnpelus
312 1547 336 1588 et
349 1542 480 1603 percussit
499 1553 530 1588 en
544 1541 583 1590 eis
597 1547 701 1591 centum
717 1547 787 1592 octo·
834 1529 921 1594 αὖτοῖς
940 1530 1034 1588 ἑκατὸν
1053 1531 1293 1608 ὀγδοηκονταπέντε
1311 1533 1442 1612 χιλιάδας·
1463 1537 1511 1592 θῖ.

184 1629 261 1690 pinta
282 1629 401 1690 quinque
420 1628 529 1688 millia,
555 1629 598 1679 ii.
625 1632 663 1680 sic
685 1636 788 1680 conitere
834 1616 917 1683 airam
931 1619 1072 1698 σύντριψον
1085 1623 1134 1690 τῆν
1151 1620 1322 1698 παρεμύολὴν
1336 1622 1435 1692 ταύτην
1452 1621 1514 1678 ἐνύ-

185 1718 327 1766 eaercitum
357 1719 436 1767 istum
467 1719 499 1766 in
530 1725 670 1783 conspectu
696 1726 788 1768 nostro
836 1728 895 1764 πιον
910 1711 987 1778 ἡμῶν
1005 1706 1133 1786 σήμερον,
1153 1707 1199 1766 καί
1213 1707 1356 1783 γνώτωσαν
1370 1712 1393 1769 οἱ
1408 1709 1514 1768 ἐπίλοι-

185 1806 276 1865 hodie;
297 1813 322 1855 et
347 1807 435 1856 sciant
454 1807 534 1856 ceteri
559 1808 625 1870 quia
654 1806 722 1857 νησὶς
748 1806 787 1857 la·
833 1817 879 1853 ποι
895 1793 935 1852 ὅτι
950 1798 1038 1861 κακῶς
1055 1797 1184 1867 ἐλάλησεν
1199 1796 1243 1855 ἐπὶ
1258 1797 1291 1854 τά
1311 1795 1373 1875 ἅγιά
1389 1821 1447 1872 σου,
1468 1798 1513 1857 καί

185 1903 258 1943 cutus
281 1901 319 1944 est
343 1907 424 1958 super
450 1903 545 1945 sancta
568 1904 624 1955 tua,
648 1903 673 1945 et
696 1897 790 1946 iudica
835 1891 921 1962 κρῖνον
935 1884 1011 1943 αὐτὸν
1027 1883 1159 1956 κατθτὴν
1174 1888 1269 1944 κακίαν
1286 1887 1377 1947 αὐτοῦ.

185 1982 263 2032 illum
275 1985 419 2033 secundum
433 1983 569 2034 malitiam
583 1985 672 2034 illius.
1226 1971 1229 1978 ¹

219 2071 263 2121 43.
288 2072 322 2120 Et
343 2074 531 2123 commiserunt
556 2075 686 2123 exercitus
709 2087 788 2138 proe—
876 2062 925 2121 43.
950 2063 1006 2121 Καὶ
1025 2063 1146 2144 συνῆψαν
1161 2065 1188 2122 αἱ
1203 2063 1374 2146 παρεμὸολαὶ
1388 2067 1424 2132 εἰς
1439 2065 1516 2126 πόλε-

181 2159 348 2226 liumtertia
372 2163 473 2211 decima
495 2163 538 2210 die
551 2164 649 2211 mensis
663 2160 748 2228 Adur,
765 2169 789 2211 et
837 2172 885 2224 μον
911 2153 943 2228 τῇ
967 2153 1170 2231 τρισκαιδεκάτῃ
1194 2157 1239 2212 τοῦ
1262 2153 1343 2230 μηνὸς
1365 2151 1450 2233 Ἀδάμ
1471 2157 1516 2213 καὶ

185 2251 301 2298 contrita
315 2257 378 2299 sunt
397 2258 486 2299 castro
501 2251 645 2301 Nicanoris
659 2257 685 2300 et
697 2253 790 2301 cecidit
836 2238 975 2319 συνετρίύη
995 2245 1011 2310 ἡ
1028 2239 1187 2319 stupendam,
1206 2243 1363 2322 Νικάνορος,
1386 2241 1432 2301 καὶ
1452 2242 1515 2302 ἔπε-

184 2340 240 2402 ipse
263 2339 370 2405 primus
394 2340 424 2388 in
442 2339 557 2404 proelio.
579 2339 623 2391 44.
651 2341 681 2390 tlt
702 2347 790 2390 autem
836 2348 879 2385 σεν
899 2327 974 2393 αὐτὸς
998 2334 1101 2407 πρῶτος
1115 2332 1142 2388 ἐν
1157 2333 1194 2410 τῷ
1216 2330 1335 2410 πολέμῳ.
1357 2334 1406 2392 ii.
1425 2330 1516 2399 Ὡςδέ

184 2427 253 2476 cidit
271 2429 400 2476 exercitus
423 2429 481 2477 eius
505 2430 571 2491 quia
590 2429 724 2478 cecidisset
742 2429 789 2477 Ni·
836 2404 902 2473 εἶδεν
917 2419 934 2487 ἡ
949 2417 1108 2494 παρεμύολή
1130 2421 1210 2478 αὐτοῦ
1227 2417 1266 2477 ὅτι
1281 2421 1361 2478 ἔπεσε
1375 2421 1513 2499 Νικάνωρ,

184 2529 275 2577 canor,
300 2517 469 2579 proiecerunt
490 2531 568 2566 arma
588 2531 639 2566 sua
662 2523 686 2566 et
711 2517 790 2582 {npe-
836 2502 958 2584 ῥίψαντες
986 2504 1020 2562 τὰ
1045 2503 1115 2563 ὅπλα
1145 2508 1230 2564 αὐτῶν
1257 2506 1361 2587 ἔφυγον·
1389 2511 1439 2568 45.
1460 2509 1515 2569 Καί

183 2613 262 2665 runt3
287 2603 330 2654 45.
361 2611 385 2653 et
410 2607 542 2670 persecuti
559 2589 696 2656 ,sunteas
717 2607 790 2655 oium
834 2593 994 2651 κατεδίωκον
1025 2593 1118 2658 αὐτοὺς
1148 2593 1207 2652 ὁδὸν
1241 2595 1342 2675 ἡμέρας
1376 2605 1439 2673 μιᾶς
1463 2596 1516 2656 ἀπὸ

184 2695 264 2743 nnius
287 2693 342 2742 diei
362 2693 395 2742 ah
415 2695 521 2745 Adazer
544 2709 678 2758 σεσσεηαο
698 2696 789 2744 oenia·
836 2680 939 2739 Ἀδασά
958 2680 1006 2750 ίως
1026 2687 1072 2740 τοῦ
1094 2686 1177 2742 ἐλθεῖν
1192 2684 1227 2750 είς
1242 2684 1360 2762 Γάζηρα,
1378 2685 1423 2743 καί
1438 2687 1516 2745 ἐσάλ-

185 2784 273 2831 turin
292 2784 408 2841 Gazara,
431 2790 455 2832 et
476 2783 547 2833 tuhis
562 2784 717 2833 cecinerunt
730 2789 789 2847 post
835 2792 916 2828 πισαν
939 2772 1025 2829 ὀπίσω
1040 2775 1125 2830 αὐτῶν
1143 2780 1200 2838 ταῖς
1219 2772 1343 2848 σάλπιγξι
1357 2776 1409 2832 τῶν
1424 2797 1513 2852 σημα-

185 2884 226 2920 eos
247 2885 305 2920 curn
330 2872 584 2935 sipnifieationihus.
604 2873 647 2922 46.
664 2873 698 2922 Ει
717 2874 789 2921 eric·
835 2861 909 2919 σιῶν.
928 2861 976 2919 46.
1003 2859 1057 2918 Καὶ
1083 2859 1187 2932 ἐξῆλθον
1209 2866 1238 2921 ἐκ
1259 2865 1352 2921 πασῶν
1377 2865 1429 2921 τῶν
1457 2888 1511 2922 κω-

184 2967 248 3009 ειινιι
271 2961 302 3010 de
331 2959 454 3010 omnibus
478 2961 596 3010 castellis
620 2962 737 3012 Iudaeae
760 2963 790 3009 in
836 2950 893 3023 μῶν
915 2953 961 3020 τῆς
975 2947 1105 3016 ’Ἰουδαίας
1123 2949 1250 3010 κυκλόθεν
1278 2953 1324 3010 καί
1348 2952 1512 3032 θπερεκίρων

184 3051 297 3098 circuitu
316 3054 341 3099 et
359 3050 532 3099 ventilabant
557 3063 599 3100 eos
622 3051 748 3100 cornibus
765 3057 790 3098 et
835 3037 930 3105 αὐτούς
944 3039 988 3096 καί
1004 3038 1161 3119 ἀνέστρεφον
1177 3031 1248 3098 οὗτοι
1257 3042 1321 3118 πρὸς
1333 3041 1450 3118 τούτους,
1467 3043 1513 3100 καί

185 3139 408 3188 convertebantur
430 3139 529 3188 iterum
552 3140 588 3188 ad
610 3153 652 3188 eos
676 3145 701 3188 et
725 3140 789 3188 ceci·
835 3123 928 3184 ἔπεσον
944 3127 1039 3192 πάντες
1061 3129 1178 3206 ῥομφαία
1201 3128 1246 3186 καὶ
1260 3131 1288 3186 ού
1308 3130 1466 3209 κατελείφθη
1490 3130 1515 3199 ἐξ

184 3227 279 3276 derunt
294 3240 383 3275 omnes
402 3226 495 3290 plodio
514 3234 538 3276 et
558 3234 665 3276 nonest
681 3227 789 3276 relictus
835 3216 922 3271 αὖῖῶν
936 3213 994 3272 οὐδὲ
1007 3205 1054 3281 Εἷς·
1072 3217 1121 3274 ti.
1140 3216 1194 3274 Καὶ
1209 3214 1303 3273 ε’λαύον
1318 3217 1352 3272 τά
1368 3221 1453 3276 σκῦλα
1468 3219 1514 3277 καὶ

185 3328 214 3362 ea
231 3317 269 3364 eis
283 3329 331 3364 nec
345 3329 425 3364 unns.
440 3315 485 3365 47.
502 3317 535 3364 Et
555 3322 713 3380 acceperunt
725 3329 790 3379 spo·
836 3300 883 3371 τὴν
897 3303 1032 3380 προνομήν
1047 3302 1092 3360 καὶ
1104 3302 1152 3373 τήν
1170 3303 1288 3382 κεφαλήν
1302 3303 1448 3384 Νικάνορος
1463 3307 1514 3386 ἅφ-

187 3403 224 3454 lt'o
234 3418 324 3454 eorum
335 3405 366 3452 in
379 3404 525 3468 praedam,
536 3411 560 3453 et
575 3411 655 3468 caput
672 3405 789 3453 Nicano-
835 3392 904 3448 εἶλον
921 3389 966 3449 καί
983 3390 1030 3461 τήν
1046 3389 1131 3460 δεξιάν
1146 3392 1227 3449 αὐτοῦ
1242 3391 1274 3462 ἣν
1291 3391 1415 3460 ἐξέτεινεν
1431 3397 1512 3473 ύπερ-

185 3492 222 3541 ris
237 3499 481 3556 amputaveruntet
497 3495 618 3543 dextram
637 3494 694 3542 eius
709 3507 790 3554 quam
834 3480 951 3560 ηφάνως,
965 3479 1012 3538 καί
1028 3479 1144 3558 ἤνεγκαν
1160 3479 1206 3538 καί
1226 3480 1355 3549 ἐξέτειναν
1376 3483 1449 3562 παρὰ
1465 3482 1512 3555 τήν

184 3582 337 3631 extenderat
378 3581 490 3645 superbe
523 3589 547 3632 et
581 3581 732 3632 attulerunt
765 3589 789 3630 et
836 3565 1024 3646 Ἰερουσαλήμ.

183 3670 380 3733 suspenderunt
401 3676 494 3720 contra
513 3671 669 3721 ierusalem.
700 3669 740 3720 i8.
757 3670 789 3719 Et
876 3660 925 3717 48.
944 3656 999 3718 Καὶ
1012 3656 1149 3736 ηὐφράνθη
1164 3661 1178 3715 θ
1192 3659 1253 3725 λαδς
1267 3660 1368 3738 σφόδρα
1383 3659 1511 3735 καὶήγα-

186 3757 300 3808 laetatus
323 3767 361 3808 cst
380 3759 497 3824 populus
515 3759 601 3810 ‘ualde
630 3767 654 3808 et
679 3767 790 3823 eperunt
835 3768 881 3821 γον
903 3749 952 3818 τήν
972 3747 1076 3826 ἡμέραν
1100 3746 1203 3817 ἐκείνην
1227 3746 1329 3826 ἡμέραν
1354 3749 1513 3827 εὐφροσύνης

185 3847 254 3896 diem
274 3846 354 3897 illam
372 3849 404 3897 in
429 3848 537 3898 laetitia
555 3862 665 3912 maeno.
692 3848 735 3898 49.
757 3849 789 3896 Et
836 3833 963 3912 μεγάλης.
988 3839 1037 3896 49.
1070 3834 1123 3894 Καὶ
1153 3835 1268 3906 ἔστησαν
1292 3842 1338 3895 τοῦ
1360 3837 1432 3916 άγειν
1454 3837 1513 3896 κατ’

184 3937 322 3986 constituit
336 3938 382 4000 api
397 3937 519 3986 omnihus
535 3938 615 3986 aunis
630 3937 700 3986 diem
710 3939 789 3987 istam
836 3923 953 3982 ἐνιαυτὸν
966 3923 1014 3994 τήν
1032 3921 1135 4004 ήμίραν
1151 3924 1251 3997 ταύτην
1269 3923 1317 3996 τὴν
1331 3927 1513 4007 τριςκαιδεκά-

185 4026 265 4074 tertia
281 4025 384 4074 decima
405 4025 448 4074 die
469 4027 566 4074 mensis
591 4026 676 4077 Adar.
695 4026 739 4075 50.
756 4026 789 4076 Et
835 4036 882 4083 την
898 4012 1042 4092 τοῧλδάρ-
1058 4016 1107 4074 50.
1123 4015 1178 4074 Καὶ
1192 4013 1328 4094 ἡσύχασεν
1343 4019 1359 4088 ἡ
1374 4020 1409 4096 γῆ
1424 4016 1513 4077 Ἰούδα

185 4111 260 4163 siluit
279 4121 354 4163 terra
368 4115 438 4162 iuda
452 4115 509 4164 dies
522 4129 631 4178 paucos.
834 4101 935 4180 ἡμέρας
950 4101 1051 4180 ὀλίγας·

227 4287 401 4354 Proelium
422 4287 467 4354 od
488 4289 751 4379 Copharsnlomn
770 4295 843 4355 erni
864 4289 980 4378 potius
1002 4312 1145 4380 anceps3
1172 4314 1235 4360 nec
1251 4291 1393 4359 victorio
1411 4295 1513 4362 Iudae

184 4415 244 4460 neo
263 4393 380 4462 clades
394 4394 568 4461 Nicanoris
589 4395 771 4462 videbatur
786 4418 924 4482 inungue,
944 4395 1053 4462 multo
1069 4397 1183 4464 minus
1197 4397 1398 4465 decretoria.
1416 4400 1512 4467 Nica·

184 4520 247 4565 nor
262 4500 448 4568 ierusalem
458 4501 591 4582 urbem,
605 4503 639 4566 in
650 4523 719 4590 qua
733 4507 806 4568 erat
819 4524 878 4569 arx
891 4523 911 4568 s
924 4501 1016 4588 Syris
1028 4510 1205 4591 occupato,
1219 4503 1394 4590 ingressus
1410 4507 1512 4574 etiarn

185 4603 221 4672 in
239 4615 391 4675 montem
413 4607 506 4690 Sion,
527 4607 551 4674 i.
570 4631 600 4674 e.
618 4607 662 4674 ad
681 4606 850 4696 templum
872 4608 1026 4675 ascendit
1042 4631 1074 4678 v.
1096 4615 1151 4676 33.
1168 4608 1220 4676 Ad
1241 4631 1320 4676 eum
1341 4611 1513 4680 honoran-

184 4710 266 4780 dum
281 4713 394 4804 aliqui
407 4714 598 4783 sacerdotes
613 4725 714 4784 ἐκτῶν
728 4721 832 4801 ἁγίων,
848 4719 1019 4783 σκευασία
1034 4717 1109 4782 loeo
1125 4715 1149 4784 i.
1167 4739 1197 4784 e.
1215 4716 1303 4785 atrio
1315 4721 1513 4806 sanctuarii,

644 4843 823 4881 nssncunsnn
841 4844 866 4880 ru
883 4844 960 4882 ιικσιι.
980 4855 1010 4866 -
1029 4835 1057 4882 10
