3625 5367
725 337 753 395 l.
778 352 867 396 uscu.
893 337 1035 406 13‚l-ll.

212 490 317 555 cilum
338 509 377 553 eo
395 485 538 554 consilio
558 485 738 571 collegisse
762 490 795 551 ct
813 486 980 575 populum
1003 489 1145 574 propter
1166 506 1244 552 eum
1266 492 1299 552 ct
1320 486 1438 553 odium
1459 508 1545 574 gen-

212 595 298 661 tium
315 592 444 683 (1253)
462 613 589 678 magno
610 591 645 657 in
665 591 788 658 timore
806 593 951 658 versari.
968 596 1075 668 Quare
1095 593 1211 658 Simon
1230 615 1270 658 cx
1289 593 1432 680 planitie
1446 592 1545 660 Sche-

214 700 318 790 phela
342 699 473 789 (1238)
496 698 533 764 in
560 698 681 765 urbem
700 697 857 780 ascendit
881 703 914 764 et
941 697 1108 788 populum
1134 700 1360 786 congregavit
1384 712 1433 769 :bv
1455 707 1546 781 laba,
1586 709 1588 712 ’

212 828 285 872 non
304 804 416 872 solum
436 804 589 871 seniores
604 814 772 893 γερευσίαν,
794 804 854 870 sed
874 804 1078 872 concionem
1094 805 1214 894 populi
1229 806 1442 888 convocavit,
1462 807 1551 873 cives

213 911 323 979 urbis.
349 913 401 978 llli
425 911 517 977 enim
537 916 637 977 erant
658 911 839 978 animandi
866 917 900 977 et
924 911 1146 978 confortandi
1169 911 1230 1000 qui
1249 917 1378 980 terrore
1404 913 1552 1004 perculsi

213 1024 311 1085 crant
332 1018 376 1108 (v.
400 1021 444 1102 2).
467 1021 532 1084 llos
552 1017 669 1106 itaque
694 1017 828 1103 erigere
855 1016 971 1083 studet
991 1038 1266 1085 commemorans
1287 1019 1400 1108 primo
1420 1018 1553 1108 praelia

214 1120 304 1214 quae
328 1127 401 1214 ipse
426 1130 459 1190 et
484 1124 609 1190 iratres
636 1128 669 1190 ct
688 1123 829 1210 cognati
850 1125 959 1214 patris
983 1123 1038 1213 (cl.
1070 1123 1163 1212 217)
1188 1125 1211 1190 i.
1242 1147 1271 1191 e.
1297 1124 1419 1192 domata
1444 1127 1555 1215 patris

215 1231 283 1297 mei
305 1231 447 1297 fecerint
467 1230 513 1296 ad
533 1251 646 1298 sacras
673 1231 767 1317 leges
791 1235 825 1296 ot
851 1229 1083 1298 sanctuarium
1105 1231 1272 1298 tuendum
1294 1255 1327 1298 v.
1354 1238 1390 1316 33
1416 1238 1448 1298 et
1471 1254 1556 1322 quas

215 1336 346 1426 experti
372 1337 439 1403 sint
466 1337 655 1423 angustias.
683 1339 1110 1406 Commemorat'mortcm
1136 1338 1281 1404 fratrum
1315 1338 1434 1426 (etiam
1458 1343 1556 1406 lona-

216 1445 312 1510 tbam
325 1443 474 1510 occisum
489 1443 620 1532 putatl‘,
638 1443 681 1509 cl.
702 1448 798 1526 6‚ta;
817 1449 909 1526 ate.
924 1448 979 1510 38.
994 1449 1047 1510 bt.
1066 1448 1194 1510 Horum
1209 1444 1353 1531 vestigia
1367 1467 1402 1512 sc
1418 1467 1556 1535 quoque

217 1549 317 1638 sequi
328 1550 414 1616 velle
430 1550 626 1639 profitetor;
644 1549 747 1616 vitam
766 1554 800 1616 et
811 1549 1021 1636 sanguinem
1036 1550 1245 1638 profundere
1263 1573 1297 1616 se
1314 1572 1383 1619 esse
1398 1556 1558 1640 paratum
1651 1551 1660 1568 ²
1719 1537 1784 1641 ’ζζιῖ

218 1677 282 1744 pro
300 1656 408 1722 salute
430 1655 567 1745 populi;
590 1654 793 1739 vindicaba-
811 1655 888 1723 iura
908 1677 1029 1722 eorum
1050 1656 1188 1739 tuebor,
1210 1656 1355 1724 iniurias
1375 1657 1490 1724 illatas
1505 1679 1558 1724 re-

218 1761 360 1851 pellam,
379 1768 500 1829 contra
514 1766 636 1846 gentes
652 1760 848 1828 delendam.

263 1867 422 1935 Animum
450 1869 645 1935 ostenderat
665 1869 801 1949 fortem,
828 1867 985 1958 exempla
1006 1868 1153 1936 heroum
1174 1868 1212 1934 in
1233 1870 1436 1936 memoriam
1461 1891 1558 1936 revo-

216 1980 378 2042 caverat:
401 1975 494 2041 hisce
511 1973 620 2040 animi
639 1996 759 2041 eorum
779 1975 841 2064 qui
862 1973 1010 2042 audiunt
1030 1975 1266 2043 accenduntur
1283 1978 1344 2060 ἅμα
1363 1987 1403 2064 τῷ
1424 1980 1556 2056 ἀκοῦσαι,

220 2081 338 2166 vigore
359 2080 450 2146 vocis
476 2086 509 2147 et
530 2080 563 2146 vi
585 2080 733 2170 exempli
752 2081 1012 2170 pertrahuntur,
1037 2080 1213 2149 excutiunt
1233 2082 1410 2164 timorem3
1436 2103 1561 2168 magna

220 2209 301 2253 voce
315 2186 346 2253 ei
362 2186 565 2268 acclamant,
581 2192 621 2252 nt
634 2187 678 2253 sit
696 2186 778 2265 dux,
792 2195 830 2253 ut
850 2209 1010 2280 pugnam
1025 2188 1198 2278 suscipiat,
1216 2188 1390 2277 spondent
1411 2190 1440 2254 ci
1462 2188 1560 2254 obse-

219 2293 352 2382 quium.
374 2292 456 2358 Vide
480 2299 597 2374 lt,35;
620 2292 723 2360 simul
743 2292 836 2359 enim
851 2293 984 2383 positus
1003 2299 1054 2360 est
1072 2314 1227 2360 summus
1250 2293 1418 2360 sacerdos.
1442 2294 1558 2361 Simon

220 2404 359 2488 accepta
375 2406 422 2465 ca'
434 2398 604 2484 dignitate
624 2399 833 2465 munitiones
846 2399 1032 2466 Ierusalem
1054 2398 1284 2489 perficiendas
1300 2400 1431 2467 curavit
1447 2407 1559 2482 v.·10;

220 2506 264 2571 cl.
289 2511 402 2588 1236.
423 2510 603 2571 Praeterea
626 2504 745 2572 omnia
768 2504 907 2571 molitus
930 2511 990 2584 est,
1012 2510 1048 2572 ut
1071 2510 1175 2594 loppe
1198 2505 1333 2572 ludaeis
1354 2514 1558 2572 servaretur.

221 2616 363 2701 Propter
378 2617 528 2700 portum,
546 2610 702 2699 adeoque
721 2615 862 2699 propter
878 2611 1124 2678 commercium
1140 2610 1354 2679 maritimum
1370 2612 1560 2700 plurimum

220 2718 387 2784 intererat
403 2717 526 2784 urbem
541 2716 688 2797 habere;
707 2738 794 2805 quae
816 2716 845 2782 si
865 2722 1052 2800 teneretur,
1071 2719 1175 2784 etiam
1195 2719 1392 2807 praecaveri
1411 2724 1558 2807 poterat,

220 2845 265 2889 ne
287 2824 405 2912 copiae
428 2846 447 2889 e
471 2822 617 2889 navibus
641 2822 870 2889 educerentur
892 2828 1012 2890 contra
1035 2822 1190 2891 ludaeos.
1214 2828 1323 2900 Quare
1348 2825 1440 2892 misit
1464 2829 1559 2894 lona-

221 2930 307 2997 than
319 2930 430 2996 filium
450 2928 625 2996 absalomi
645 2927 794 3018 (11,7οΫ)
816 2952 893 2996 cum
916 2931 1065 2997 exercitu
1085 2930 1268 2998 sufficienti
1284 2932 1420 3021 (δύναμιν
1443 2943 1556 3018 ἱκανήν,

221 3040 244 3102 S
264 3036 448 3103 exercitum
472 3036 633 3124 multum)
654 3035 691 3102 in
714 3039 862 3125 loppen;
886 3036 1018 3104 incolas
1044 3037 1170 3126 quibus
1195 3037 1303 3105 fidere
1328 3061 1397 3106 non
1425 3044 1559 3128 poterat

222 3141 323 3209 eiecit
342 3143 468 3231 etipse
487 3164 564 3208 cum
582 3142 749 3209 militibus
768 3141 818 3208 ibi
830 3145 1008 3224 remansit,
1030 3145 1079 3210 ita
1096 3165 1225 3229 augens
1244 3142 1331 3211 illud
1347 3146 1557 3233 praesidium

223 3249 316 3337 quod
332 3248 449 3316 Simon
469 3247 519 3314 ibi
537 3249 607 3314 iam
626 3254 789 3337 posuerat
811 3249 953 3337 (1233).
974 3249 1084 3314 Etiam
1107 3249 1269 3336 Iosephus
1286 3249 1405 3315 scribit
1427 3271 1433 3316 :
1456 3274 1556 3339 prae-

223 3355 315 3443 cepit
338 3354 382 3435 ci,
407 3360 447 3421 ut
463 3353 593 3420 incolas
618 3354 700 3442 (τοὺς
727 3353 897 3440 εἱκήτσρας)
924 3353 1080 3436 eiicerct3
1103 3352 1279 3420 metuebat
1303 3354 1407 3434 enim,
1437 3377 1479 3421 ne
1501 3355 1567 3422 isti·

224 3459 345 3527 urbcm
360 3460 534 3549 Tryphoni
553 3459 731 3526 traderent
750 3459 907 3548 laesa).

375 3687 399 3697 ·’
452 3689 479 3742 2.
502 3682 636 3761 Perfidia
659 3681 827 3759 Tryphonis
848 3681 987 3742 caeditur
1008 3681 1154 3741 Ionotltas
1176 3687 1327 3754 lasa-24.

262 3871 353 3932 13,1‘2.
374 3872 407 3921 Et
434 3873 514 3922 movit
544 3873 672 3937 Tryphon
697 3887 714 3920 o
741 3871 830 3920 Ptole·
918 3859 1020 3929 13,st
1045 3858 1100 3919 Καὶ
1123 3861 1208 3937 ἀπῆρε
1232 3859 1347 3941 Τρύφων
1370 3860 1423 3920 ἀπὸ
1448 3864 1553 3922 Πτολε-

223 3961 317 4009 muido
339 3973 398 4009 cum
422 3963 539 4010 exercitu
561 3961 653 4022 mutto,
675 3968 704 4011 ut
728 3962 831 4010 >acciret
876 3943 969 4026 μαῖδρς
992 3953 1060 4023 μετὰ
1085 3948 1220 4025 δυνάμεως
1245 3952 1346 4021 πολλῆς
1370 3951 1491 4017 Εἷςελθεῖν
1516 3954 1553 4019 εἷς

223 4049 255 4097 in
269 4055 370 4098 terram
384 4049 462 4109 luda,
480 4057 503 4098 ct
525 4051 655 4099 localitas
675 4064 733 4099 curn
751 4063 781 4098 co
801 4050 832 4097 in
875 4040 924 4111 γῆν
935 4035 1034 4110 Ἰούδα,
1044 4035 1090 4096 καὶ
1101 4038 1229 4096 'lavatas
1241 4041 1299 4114 μετ’
1308 4041 1389 4098 αὐτοῦ
1400 4043 1427 4100 ἰν
1439 4043 1553 4120 φυλακῇ.
1570 4059 1574 4062 “

223 4137 354 4187 custodio.
372 4136 412 4188 ta.
429 4139 523 4188 Simon
542 4146 631 4188 cutem
651 4137 786 4203 applicuit
802 4138 832 4185 in
877 4127 925 4184 13.
946 4125 1038 4202 Σίμων
1062 4125 1287 4206 &irreparabilia
1309 4131 1335 4188 ἐν
1355 4128 1462 4196 Ἀδίδοις
1483 4129 1552 4188 κατὰ

221 4224 313 4276 Aridus
333 4231 427 4275 contro
451 4227 548 4290 sociem
567 4228 665 4292 compi.
692 4226 732 4276 ll.
747 4227 780 4274 Ει
802 4233 831 4274 ut
875 4214 1013 4292 πρόςωπον
1026 4220 1071 4274 τοῦ
1084 4215 1185 4276 πεδίου.
1200 4217 1311 4276 14.Καὶ
1324 4219 1425 4296 ἐπέγνω
1436 4220 1551 4296 Τρύφων

220 4299 503 4377 ιορηονίιὟτρρΙιονν,
521 4316 587 4376 quic
602 4316 720 4365 surrexit
739 4315 832 4363 Simon
875 4302 916 4360 ὅτι
933 4303 1029 4374 ἀνέστη
1048 4305 1140 4380 Σίμων
1158 4305 1217 4362 ἀντὶ
1232 4305 1359 4366 Ἰωνάθαν
1377 4313 1422 4364 τοῦ
1438 4308 1552 4384 ἀδελφοῦ

223 4403 278 4451 loeo
298 4402 397 4467 fratris
418 4405 463 4452 sui
482 4405 613 4453 lonctboe
632 4411 656 4453 et
677 4405 742 4466 quta
761 4416 832 4452 com·
877 4395 958 4450 αὐτοῦ
977 4393 1021 4450 καὶ
1041 4393 1081 4451 ὅτι
1101 4395 1242 4451 συνάπτειν
1264 4397 1336 4473 αὐτῷ
1358 4395 1449 4469 μέλλει
1471 4395 1547 4452 atta«

224 4491 356 4540 missuras
378 4499 443 4540 essct
464 4507 522 4542 cum
544 4493 737 4557 comaclium,
758 4493 832 4540 vuisit
878 4503 936 4555 μον,
962 4480 1007 4540 καὶ
1038 4479 1177 4539 ἀπέστειλε
1209 4483 1273 4560 πρὸς
1304 4483 1381 4540 αὐτὸν
1413 4478 1549 4560 optadus,

226 4579 261 4628 od
285 4593 344 4628 eum
368 4579 477 4643 legatos,
500 4581 541 4632 15.
562 4583 651 4632 diceas
675 4596 683 4630 :
706 4594 756 4646 pro
786 4593 832 4628 or·
879 4571 926 4628 15.
938 4568 1030 4646 λέγων·
1046 4567 1106 4647 περὶ
1120 4568 1246 4650 ἀργυρίου
1258 4563 1288 4628 οὗ
1300 4569 1411 4651 ὤφειλεν
1423 4571 1552 4630 Ἰωνάθαν

228 4674 305 4732 pecto
328 4670 398 4731 qaod
423 4671 539 4720 debebat
555 4671 642 4737 frater
666 4677 727 4720 tuus
750 4674 833 4718 loac-
877 4661 892 4716 b
917 4658 1025 4737 ἀδελιρός
1045 4681 1090 4717 σου
1115 4660 1152 4723 εἷς
1174 4660 1204 4717 τὸ
1227 4659 1375 4737 βασιλικὸν,
1390 4658 1423 4718 δι’
1447 4657 1476 4725 ἃς
1498 4649 1554 4740 εἶχε

229 4757 290 4806 ctos
314 4759 344 4807 la
368 4759 475 4810 rosione
494 4763 575 4825 repis,
595 4767 707 4826 propter
725 4758 835 4820 cepasio
878 4745 970 4826 χρείας
982 4745 1128 4827 συνίχομεν
1144 4745 1231 4806 αὐτόν·
1248 4750 1294 4810 16.
1310 4747 1356 4808 καὶ
1372 4753 1417 4807 νῦν
1435 4746 1558 4808 dodoru-
1604 4771 1605 4774 ’
1707 4809 1711 4816 ,

673 4863 857 4904 [aasumensi
873 4865 900 4904 ΙΝ
916 4866 992 4904 mil.
1010 4880 1041 4890 -
1060 4857 1087 4902 15

1715 4677 1721 4690 ·
1729 4676 1766 4708 aaz.

1715 4725 1718 4732 t
1729 4716 1757 4759 a(
1762 4714 1766 4721 ¹

1722 4747 1734 4764 ιη’

1720 4762 1757 4797 ιι]
