3625 5367
716 351 744 410 l.
768 367 859 412 ulcu.
883 353 1021 424 :tus-53.
1493 361 1531 420 93

198 498 367 586 interpres
385 519 484 584 syrus
506 469 743 587 textum'legit
762 500 937 584 mutilum,
955 509 989 569 et
1010 525 1025 570 s
1045 504 1184 592 quidem
1204 509 1334 573 textum
1350 506 1464 589 habet,
1481 509 1531 575 uti

199 604 312 690 vulg,
335 608 356 672 S
376 626 456 671 vero
478 604 560 672 satis
583 607 730 675 recedit:
757 610 933 698 conquesti
953 615 1032 676 sunt
1055 632 1171 678 eoram
1199 615 1320 679 Sancto
1347 598 1390 681 de
1416 615 1530 700 genti-

196 710 274 791 bus,
305 732 395 800 quae
422 733 457 778 se
485 719 650 799 cogerent
680 719 718 779 ut
749 736 821 782 sese
854 721 1014 801 gererent
1045 717 1233 785 secundum
1267 719 1530 788 similitudinem

196 838 326 884 earum.

240 924 371 990 Pariter
385 924 559 1013 ponebant
570 931 651 993 aute
666 926 822 993 divinum
844 935 1064 1018 conspectum
1078 936 1188 998 vestes
1203 937 1236 999 et
1256 940 1460 1002 ornamenta
1475 957 1529 1002 sa-

193 1029 392 1115 cerdotalia,
416 1031 549 1099 reditus
569 1054 683 1099 saeros
699 1055 731 1100 v.
751 1038 805 1116 ta,
819 1033 1011 1124 primiciae,
1035 1035 1196 1119 docrinae,
1221 1044 1256 1104 ut
1282 1042 1332 1105 tot
1355 1039 1530 1127 religionis

192 1135 363 1224 symbolis
380 1135 534 1204 divinam
556 1138 828 1206 misericordiam
848 1147 1103 1208 commoverent
1125 1143 1324 1234 (Serarz'us);
1350 1150 1430 1212 sunt
1453 1147 1527 1214 scil.

193 1243 280 1309 haec
301 1242 512 1324 testimonia,
528 1252 660 1333 quanta
674 1267 756 1312 cura
774 1268 814 1312 ac
833 1246 1066 1314 sollicitudine
1084 1254 1171 1316 Deus
1191 1251 1262 1339 ipse
1280 1251 1411 1317 cultum
1426 1274 1529 1342 quem

191 1349 340 1417 voluerit
361 1349 429 1416 sibi
444 1351 583 1440 placere
605 1351 807 1432 instituerit3
832 1376 939 1443 quare
959 1353 1061 1421 simul
1074 1354 1118 1421 in
1136 1355 1180 1422 iis
1194 1355 1315 1424 efficax
1337 1357 1529 1426 continetur

191 1454 235 1522 ad
251 1461 358 1523 Deum
371 1456 591 1547 supplicatio,
609 1478 652 1524 ue
672 1457 760 1525 sinat
780 1460 959 1548 prolauari
976 1467 1010 1526 et
1028 1461 1128 1551 perdi
1141 1483 1161 1529 a
1173 1462 1335 1549 gentibus
1350 1486 1438 1553 quae
1454 1464 1528 1554 ipse

190 1569 264 1628 tam
283 1568 442 1630 accurate
462 1562 686 1630 ordinaverit.
704 1569 844 1654 Insuper
863 1566 1004 1655 prodire
1024 1568 1155 1635 laci-unt
1175 1568 1362 1650 nasiraeos,
1380 1571 1404 1635 i.
1420 1594 1451 1636 e.
1472 1593 1529 1638 eos

191 1669 253 1758 qui
268 1691 333 1758 pro
354 1674 447 1752 certo
466 1675 623 1759 tempore
637 1675 717 1737 vota
735 1672 948 1739 nasicaeatus
963 1683 1183 1764 susceperant
1200 1674 1396 1742 abstinendi
1414 1677 1528 1743 avino

190 1781 224 1842 et
236 1775 350 1842 sicera
361 1781 427 1843 etc.
441 1776 498 1864 (cl.
510 1781 610 1843 Num.
625 1782 681 1858 u‚1
698 1777 786 1866 seq.)
802 1784 837 1845 et
850 1780 913 1866 qui
925 1779 1150 1870 impleuerant
1166 1779 1249 1863 dies,
1264 1787 1418 1871 tempore
1433 1782 1527 1849 enim

190 1882 260 1949 voti
283 1883 400 1972 elapso
425 1888 520 1949 certa
536 1882 705 1973 quaedam
726 1884 894 1951 sacrificia
916 1890 1016 1952 erant
1039 1886 1230 1968 offerenda;
1257 1887 1435 1955 nasiraeus
1454 1894 1528 1955 erat

188 1988 401 2056 radendus«
428 1989 577 2057 caesarie
598 1991 862 2057 consecrationis
887 1985 987 2076 suae,
1011 1991 1176 2082 tolletque
1200 1994 1359 2061 sacerdos
1385 1993 1528 2084 capillos

188 2094 263 2162 eius
277 2099 312 2161 et
331 2101 436 2184 ponet
454 2117 558 2184 super
577 2094 696 2182 ignem
715 2096 775 2186 qui
795 2102 844 2165 est
864 2099 1064 2187 suppositus
1082 2099 1250 2167 sacrificio
1267 2100 1523 2190 pacificorum»

189 2203 306 2295 (Num.
323 2201 492 2291 ara-18).
515 2206 605 2279 Quae
625 2202 741 2269 omnia
763 2204 882 2293 procul
901 2226 922 2270 a
940 2205 1071 2295 templo
1090 2207 1159 2272 iam
1175 2228 1246 2272 non
1263 2209 1433 2296 praestari
1448 2228 1526 2297 pos-

187 2308 279 2376 sunt.
299 2311 408 2384 Quare
426 2330 496 2374 non
516 2306 590 2374 sine
613 2307 685 2386 acri
704 2308 823 2376 dolore
838 2311 929 2377 hanc
952 2333 1089 2400 quoque
1111 2312 1272 2379 miseram
1291 2312 1527 2380 conditionem

187 2419 257 2482 lteo
272 2413 485 2501 gemebundi
503 2420 677 2503 exponunt
699 2437 730 2480 v.
748 2422 789 2483 50
805 2417 993 2484 clamantes
1009 2440 1089 2484 uoce
1107 2439 1238 2508 maqna
1251 2418 1289 2484 in
1307 2417 1439 2486 coelum
1451 2420 1475 2486 i.
1493 2443 1523 2486 e.

188 2521 230 2588 ad
246 2525 371 2603 Deum3
389 2518 459 2587 iam
479 2520 632 2587 cernitur
646 2542 726 2589 usus
745 2521 934 2588 adhibendi
950 2526 1014 2612 pro
1028 2528 1096 2590 Deo
1111 2546 1238 2592 nomen
1258 2523 1357 2606 coeli,
1375 2527 1435 2614 qui
1456 2525 1526 2591 iam

187 2627 461 2718 deprehenditur
486 2632 569 2694 Dan.
594 2631 672 2707 t,23
696 2628 787 2693 etin
810 2635 929 2694 nostro
958 2628 1048 2695 libro
1071 2630 1206 2718 saepius
1225 2636 1321 2710 3‚oo;
1348 2635 1437 2709 tuo.
1462 2636 1522 2710 t0;

186 2740 285 2817 9,to;
322 2738 423 2813 1215
453 2739 487 2800 et
513 2733 574 2822 qui
602 2732 695 2822 apud
721 2732 864 2800 ludaeos
892 2733 997 2801 etiam
1029 2742 1185 2824 ternpore
1212 2735 1339 2802 Christi
1367 2737 1526 2804 habeba·

186 2846 241 2907 tur
261 2839 318 2927 (cl.
342 2839 437 2928 apud
461 2831 575 2906 Matth.
591 2861 737 2926 regnum
754 2839 943 2924 coelorum,
965 2841 1026 2908 uhi
1047 2840 1107 2908 alii
1128 2863 1273 2929 regnum
1294 2844 1352 2909 ltei
1371 2842 1522 2934 dicuut);

187 2945 331 3016 Sbabet
354 2965 362 3011 :
385 2944 559 3013 clamabat
578 2945 624 3012 ad
645 2945 877 3015 habitatorem
897 2948 986 3014 coeli
1010 2947 1057 3038 (et
1073 2947 1233 3015 similiter
1256 2947 1341 3016 alibi
1356 2951 1521 3041 quoque),

187 3049 417 3120 selamabant
431 3073 514 3118 voce
533 3051 578 3118 ad
595 3053 742 3119 coelum.

229 3163 296 3238 En,
316 3156 404 3247 quid
420 3158 592 3246 sociemus
605 3158 700 3225 istis?
720 3160 806 3226 ritus
819 3181 934 3227 sacros
951 3160 1134 3227 ohservare
1149 3183 1218 3228 non
1230 3183 1424 3250 possumne,
1442 3163 1526 3253 quid

187 3254 272 3352 ergo
290 3286 354 3354 pro
373 3265 414 3330 iis
433 3264 629 3350 agendum?
648 3264 710 3331 ubi
728 3271 892 3355 poterunt
911 3273 992 3332 vota
1012 3267 1230 3355 persolvere?
1250 3271 1450 3334 Sanctuaria
1467 3275 1524 3337 tua

131 3353 134 3359 ¹
187 3371 371 3460 profanata
384 3375 476 3453 sunt,
494 3371 689 3438 sacerdotes
706 3371 756 3437 tui
767 3372 805 3438 in
820 3371 915 3439 luctu
929 3377 963 3437 et
979 3371 1177 3438 conditione
1190 3370 1250 3440 vili
1266 3379 1300 3439 et
1312 3373 1456 3440 abiecta.
1475 3380 1524 3442 lta

187 3475 283 3544 omni
297 3499 337 3544 ex
354 3483 451 3566 parte
466 3477 613 3544 efferunt
627 3478 685 3563 agi
699 3476 807 3567 ipsius
818 3478 875 3543 Dei
891 3476 1041 3562 gloriam
1055 3483 1090 3545 et
1103 3478 1283 3545 honorem.
1307 3478 1401 3546 ldem
1419 3479 1522 3547 etiam

186 3581 219 3649 iu
234 3607 271 3650 v.
288 3590 332 3650 52
345 3587 414 3650 Deo
427 3588 642 3673 proponunt;
655 3605 738 3649 nam
753 3605 841 3672 quae
853 3589 975 3670 gentes
989 3583 1209 3652 committunt
1221 3590 1340 3652 contra
1354 3586 1523 3675 populum

185 3692 243 3756 Dei
257 3690 402 3779 eiusque
417 3689 645 3757 hereditatem
662 3694 696 3755 et
710 3696 857 3779 partem,
874 3694 997 3757 cuncta
1012 3689 1138 3757 cedunt
1150 3689 1186 3755 in
1202 3690 1434 3776 ignominiam
1450 3695 1518 3759 [tei.

186 3799 229 3862 Eo
242 3795 356 3882 magis
372 3801 487 3862 autem
505 3818 607 3885 opem
622 3795 681 3862 Dei
694 3796 856 3863 invocare
871 3803 904 3862 et
921 3815 1060 3885 sperare
1078 3800 1222 3885 possunt
1236 3819 1275 3863 ac
1295 3797 1433 3880 debent,
1454 3820 1522 3888 quo

187 3902 296 3990 magis
314 3925 350 3968 se
372 3902 482 3969 sciunt
500 3903 653 3991 impares
671 3904 731 3992 qui
748 3901 905 3969 hostibus
924 3903 1083 3969 resistant
1096 3924 1129 3968 v.
1153 3909 1207 3970 53.
1225 3907 1277 3984 Et,
1292 3904 1378 3970 sicut
1392 3901 1430 3969 in
1443 3902 1521 3992 lege

187 4011 350 4099 scriptum
375 4013 452 4076 est:
470 4009 499 4074 si
514 4008 663 4076 exieritis
681 4009 727 4076 ad
742 4008 873 4075 bellurn
897 4008 1066 4095 clangetis
1080 4008 1173 4076 tubis
1192 4015 1225 4076 et
1246 4009 1310 4076 erit
1330 4010 1522 4079 recordatio

186 4115 289 4182 vestri
315 4136 432 4181 eoram
454 4114 612 4198 Domine,
638 4120 676 4182 ut
699 4115 874 4182 eruamini
895 4115 938 4181 de
963 4115 1123 4182 manibus
1145 4115 1366 4185 inimieorum
1390 4124 1521 4186 vestro·

187 4242 262 4288 rum
282 4221 395 4311 (Num.
416 4222 520 4310 10,a),
538 4223 587 4288 ita
609 4221 661 4288 illi
676 4243 812 4310 quoque
834 4219 927 4288 tubis
947 4222 1154 4308 clangebant
1176 4228 1211 4289 et
1230 4224 1391 4312 precihus
1415 4225 1521 4292 adde-

189 4323 270 4395 bant
285 4328 471 4396 clamorem
485 4349 653 4414 magnum
664 4349 697 4396 v.
716 4335 757 4396 5¹⁴
769 4328 814 4394 ad
834 4328 1089 4396 vehementiam
1106 4329 1246 4396 allectus
1259 4329 1517 4397 declarandam.

232 4435 331 4502 ludas
349 4440 466 4502 autem
486 4433 576 4500 bene
594 4433 803 4524 perspiciens
819 4433 1047 4523 pugnandum
1069 4457 1140 4501 esse
1157 4441 1275 4502 contra
1290 4436 1416 4502 milites
1429 4435 1522 4502 mili-

190 4541 254 4607 tari
269 4540 473 4630 disciplinae
486 4541 702 4624 assuefactos,
718 4540 850 4630 pariter
869 4541 956 4608 vidit
972 4541 1098 4609 summi
1113 4563 1183 4608 esse
1199 4541 1379 4620 momenti,
1396 4546 1435 4608 ut
1449 4547 1517 4612 tota

191 4642 396 4716 bellatorum
415 4646 517 4714 turba
533 4647 633 4714 certis
647 4646 854 4735 quibusdam
869 4646 1049 4714 ordinibus
1064 4669 1103 4714 ao
1118 4647 1273 4736 partibus
1289 4651 1322 4713 et
1337 4647 1521 4737 manipulis

193 4752 347 4822 ordinata
367 4754 584 4844 disponatur,
608 4759 642 4841 et
664 4757 704 4820 ut
722 4753 878 4840 singulae
900 4757 1014 4843 partes
1038 4753 1226 4820 habeanta
1245 4775 1315 4844 quo
1330 4759 1408 4844 apte
1432 4754 1517 4823 diri-
