3625 5367
261 341 320 399 176
772 337 800 395 l.
824 350 919 394 ulcu.
943 335 1081 406 mit-73.

261 488 396 577 verbo),
416 487 502 576 feeit
519 464 704 555 secandum
727 485 914 552 verbosius
934 484 958 551 i.
973 507 1003 551 e.
1022 482 1173 551 reddidit
1190 483 1343 574 captivos
1358 490 1392 550 et
1412 483 1539 550 iuravit
1559 505 1595 550 se

261 596 350 663 nihil
364 596 534 663 sucturum
545 595 577 660 ei
592 593 689 674 mali,
706 615 741 661 se
754 593 799 659 oh
819 593 912 658 omni
929 591 1125 658 incursione
1140 590 1257 657 hostili
1272 590 1510 658 abstenturum
1525 611 1596 656 esse

264 701 320 792 (ci.
339 701 445 789 6‚18).
457 700 626 768 Omnibus
637 699 782 789 captivis
792 698 941 766 remissis
952 721 984 766 v.
1001 705 1044 764 72
1055 696 1354 765 rediitBacchides
1366 696 1403 762 in
1418 697 1597 782 regionem

262 831 373 892 suam,
390 809 460 875 iam
479 829 546 874 uon
568 827 768 873 reversurus
781 798 935 893 unquam
962 805 999 871 in
1018 805 1101 871 lines
1125 804 1282 872 iudaeae.
1301 803 1500 892 lieqlode'ns
1516 803 1540 869 i.
1563 825 1594 869 e.

263 914 394 982 bellum
406 913 551 982 cessavit
570 936 610 980 ex
631 913 735 979 lsrael
752 919 786 979 et
800 912 960 979 lonethus
975 933 1058 1002 pace
1080 910 1237 978 restitute
1251 910 1422 977 habitavit
1434 911 1470 976 in
1485 909 1597 976 lluoh-

263 1043 350 1096 mas,
366 1020 403 1087 in
428 1021 559 1087 finibus
582 1018 696 1085 tribus
719 1018 913 1098 Beniamin,
928 1017 1213 1107 septemtrionem
1232 1039 1350 1084 versus
1372 1039 1392 1085 a
1412 1014 1596 1083 Ierusalem

263 1149 387 1195 novem
401 1126 513 1194 millia
528 1147 692 1216 passuum
709 1125 823 1212 (hodie
844 1123 1054 1214 tlukhmas);
1076 1125 1157 1191 inde
1176 1123 1291 1212 coepit
1311 1122 1468 1190 indicare
1485 1143 1597 1212 popu·

264 1233 335 1300 lum
349 1247 398 1301 civ
419 1239 504 1313 λαὸν,
520 1232 576 1301 ius
590 1232 704 1299 dicere
721 1238 756 1298 et
776 1231 950 1326 moderari
964 1230 1155 1298 secundum
1176 1231 1291 1318 legem
1305 1239 1338 1296 ei
1354 1252 1468 1297 mores
1481 1231 1596 1320 pater-

262 1361 341 1422 nos;
358 1361 465 1428 quare
486 1339 592 1406 etiam
605 1338 764 1406 ellectum
779 1342 841 1418 est,
859 1343 897 1404 ut
920 1336 1019 1426 impii
1034 1359 1104 1406 sese
1127 1336 1295 1404 deberent
1318 1336 1491 1404 occultare
1511 1333 1595 1402 etin

263 1444 405 1512 latebris
418 1468 453 1511 se
467 1443 677 1516 abscondere
692 1451 726 1510 et
740 1443 838 1533 qussi
858 1465 1060 1510 evanescere
1077 1465 1117 1510 cx
1134 1443 1255 1524 lsrucl;
1274 1445 1393 1510 confer
1407 1448 1538 1530 ἠφάνισε.

302 1615 520 1692 Conqueritur
533 1610 626 1674 Niese
638 1613 752 1674 adesse
772 1629 922 1692 maguam
935 1613 1083 1674 lacunam
1096 1630 1251 1674 annorum
1269 1617 1394 1692 septem
1409 1613 1494 1672 inter
1508 1626 1594 1671 mor·

264 1715 328 1775 tem
344 1709 460 1773 Alcimi
475 1711 637 1790 pontilicis
653 1717 685 1772 et
705 1711 916 1772 elevationem
935 1710 1094 1786 lonathae,
1109 1711 1194 1772 inter
1214 1711 1344 1787 tuosius
1365 1720 1396 1772 et
1416 1712 1506 1785 lidii
1519 1712 1591 1770 unte

264 1810 423 1872 Christum
435 1809 468 1889 (l.
484 1827 512 1870 c,
530 1827 561 1887 p.
580 1811 642 1886 il).
660 1811 700 1867 nt
713 1810 828 1870 lacuna
841 1807 920 1869 haec
935 1810 1011 1869 sutis
1025 1810 1064 1869 ab
1080 1813 1210 1869 auctore
1225 1808 1352 1870 videtur
1367 1826 1436 1869 esse
1452 1807 1595 1886 implete.

264 1909 344 1967 Nam
364 1901 513 1967 narratur
535 1910 606 1979 itti
631 1911 705 1985 post
727 1906 841 1967 Alcimi
866 1911 1007 1968 mortem
1028 1905 1218 1967 Bacchidem
1239 1907 1277 1968 ad
1299 1923 1408 1985 regem
1430 1923 1594 1969 reversum

264 2021 351 2076 esse3
367 2004 494 2064 siluisse
510 2010 628 2064 terram
640 2021 699 2082 per
716 2003 797 2064 duos
816 2021 935 2078 annos;
951 2009 1021 2065 tum
1039 2005 1185 2082 sequitur
1204 2004 1291 2082 quod
1303 2004 1400 2065 modo
1415 2004 1595 2066 audivimus

263 2092 388 2175 935873
405 2104 437 2161 et
453 2099 540 2178 quod
564 2100 711 2160 Ionathes
734 2102 838 2179 egerit
857 2118 915 2180 per
934 2101 1008 2161 illos
1031 2118 1132 2162 annos
1153 2101 1298 2180 quinque
1317 2103 1395 2162 satis
1416 2101 1592 2174 indicatum

264 2215 340 2278 pace
354 2198 505 2258 conclusa
519 2196 669 2258 iudicavit
684 2196 851 2279 populum,
866 2198 1082 2258 exterminavit
1100 2197 1211 2280 impios
1226 2218 1264 2258 ec
1278 2197 1380 2258 Israel
1389 2217 1401 2275 ,·
1415 2215 1490 2260 oum
1507 2205 1594 2262 exte-

263 2297 306 2357 ris
322 2301 390 2357 erat
405 2312 464 2374 pax
481 2314 487 2355 :
505 2295 634 2355 cessauit
650 2293 775 2374 pladias
796 2315 835 2373 es
857 2294 968 2356 lsrael.
986 2299 1028 2356 Ex
1049 2296 1146 2357 modo
1164 2297 1313 2358 narrandi
1334 2314 1432 2376 quem
1447 2297 1525 2358 alias
1542 2315 1595 2358 se·

263 2393 373 2471 quitur
386 2398 497 2454 auctor
512 2393 589 2472 quid
609 2394 692 2454 ultre
704 2399 772 2454 eret
785 2393 1056 2473 exspectandum?

377 2612 406 2668 5.
428 2607 591 2667 Demetrius
610 2610 637 2666 et
656 2607 826 2668 Aieeonder
845 2611 980 2685 eapotnni
999 2607 1161 2668 amicitiem
1182 2607 1324 2668 Ioreottos
1346 2613 1478 2682 itti-21.

301 2803 371 2863 t0,t.
393 2805 425 2852 lit
448 2818 520 2854 anno
542 2807 682 2855 centesimo
705 2807 868 2868 sesopssimo
957 2796 1037 2868 l0‚l.
1058 2794 1111 2853 tint
1130 2794 1157 2851 ir
1173 2793 1226 2853 ἔτει
1243 2792 1376 2872 ἑξηκοστῷ
1398 2793 1443 2852 καὶ
1458 2796 1592 2874 ἑκατοστῷ

262 2891 383 2940 ascendit
402 2891 554 2941 Alexander
575 2894 702 2942 Antiochi
722 2895 796 2958 filias
821 2870 872 2956 qni
910 2879 997 2952 ὀἷνέὅη
1009 2881 1206 2961 Ἀλέξανδροςὸ
1217 2887 1262 2942 τοῦ
1274 2881 1407 2961 Ἀντιόχου
1419 2887 1432 2940 ὁ
1445 2882 1594 2964 Ἐπιφανής

262 2979 463 3042 copnominotns
487 2985 525 3028 est
545 2981 659 3038 Nobilis,
681 2988 706 3030 et
730 2983 874 3046 occupauit
915 2970 1138 3030 καὶκατελοὶὅετο
1162 2969 1337 3047 Πτολεμαΐδα
1366 2970 1411 3030 καὶ
1434 2971 1594 3041 ἀπεδέξαντο

261 3067 458 3117 Ptolemaidem
481 3074 507 3117 et
531 3076 691 3132 receperunt
710 3083 770 3118 enm
786 3076 869 3119 etse·
916 3059 995 3117 αὐτὸν
1016 3057 1063 3115 καὶ
1086 3059 1257 3120 ἐὸασίλευσεν
1280 3063 1345 3120 ἐκεῖ.
1375 3063 1404 3120 2.
1429 3060 1482 3119 Καὶ
1496 3059 1593 3133 ἤκουσε

261 3157 357 3219 anooit
368 3154 437 3205 illic.
451 3157 477 3206 2.
493 3157 529 3206 lit
539 3158 646 3207 audivit
658 3158 808 3208 Demetrius
822 3173 869 3209 res
914 3147 1066 3226 Δημήτριος
1083 3151 1097 3206 ὁ
1115 3147 1239 3224 βασιλεὺς
1255 3148 1301 3208 καὶ
1321 3147 1454 3228 συνήγαγε
1471 3151 1595 3223 δυνάμεις

261 3252 286 3296 et
300 3247 472 3308 conarsaocit
487 3246 868 3312 exercitumcopiosusnootde
915 3236 1016 3304 πολλὰς
1042 3239 1142 3317 σφόδρα
1172 3237 1218 3296 καὶ
1241 3236 1347 3308 ἐξῆλθεν
1371 3240 1407 3304 ιίς
1433 3237 1593 3310 συνάντησιν

261 3341 285 3384 et
305 3335 387 3385 scivit
405 3335 512 3385 obviam
526 3335 574 3384 illi
586 3337 618 3384 in
630 3335 774 3402 proelium.
793 3339 823 3388 3.
835 3339 868 3386 Et
915 3327 987 3404 αὐτῷ
1008 3326 1186 3402 εῑςπὸλεμον.
1208 3329 1237 3386 3.
1263 3326 1316 3386 Καὶ
1339 3325 1479 3386 ἀπέστειλε
1498 3326 1594 3404 Δημή-

261 3425 334 3473 misit
354 3425 501 3474 Demetrias
519 3424 661 3489 epistolam
678 3427 713 3475 od
732 3427 869 3476 lonotnon
914 3436 984 3492 τριος
1006 3415 1071 3494 πρὸς
1086 3414 1212 3476 Ἰωνοὶθαν
1239 3414 1381 3482 ἐπιστολὰς
1393 3414 1479 3492 λόγοις
1493 3417 1593 3496 elpen-

260 3513 349 3562 osrbis
372 3515 512 3578 pacificis,¹
529 3520 559 3563 ut
587 3516 775 3580 oiaqnificoret
798 3530 866 3566 enin.
914 3503 969 3569 κοῖς
993 3501 1061 3562 ὥστε
1091 3505 1237 3582 pepulisse
1265 3504 1353 3564 αὐτόν.
1376 3507 1405 3564 (ι.
1437 3495 1504 3565 Elei
1528 3504 1589 3585 γὰρ’

261 3602 285 3650 l.
309 3602 471 3650 Dicitenim
489 3604 691 3667 :anticipemus
714 3603 801 3668 {acere
815 3617 867 3668 po·
915 3593 1108 3673 apopddosoptr
1128 3598 1175 3652 τοῦ
1191 3591 1297 3670 εἰρήνην
1318 3598 1402 3652 θεῖναι
1417 3597 1476 3669 μετ’
1497 3593 1590 3664 αὐτοῦ,

259 3704 313 3740 cem
345 3705 403 3739 cum
432 3705 471 3745 eo,
500 3693 663 3756 prinsquam
695 3693 781 3757 sociat
810 3707 869 3743 com
914 3679 975 3760 πρὶν
998 3679 1015 3752 ἢ
1037 3685 1120 3740 θεῖναι
1147 3681 1226 3739 αὐτὸν
1256 3681 1324 3756 μετὰ
1345 3681 1593 3759 Ἀλεξάνδρου“καθ’

259 3779 412 3830 Alexandro
441 3781 582 3830 aduersum
604 3796 654 3830 nos
662 3795 669 3838 ‚·
693 3783 719 3830 5.
742 3782 868 3832 recordo·
914 3771 1002 3844 ἡμῶν·
1029 3774 1058 3830 5.
1080 3769 1263 3846 μνησθήσεται
1280 3771 1331 3850 γὰρ
1346 3771 1452 3830 πάντων
1475 3775 1526 3829 τῶν
1540 3793 1592 3829 κα-

259 3869 333 3918 bitur
354 3871 425 3918 enim
448 3872 567 3920 omnium
590 3869 724 3920 malornm
744 3885 812 3933 qnos
827 3871 841 3934 s
855 3897 868 3906 -
914 3860 967 3916 κῶν
995 3850 1032 3917 in
1057 3859 1267 3936 συνετελέσαμεν
1294 3860 1359 3940 πρὸς
1380 3858 1460 3918 αὐτὸν
1485 3860 1532 3918 καὶ
1559 3861 1595 3924 εἰς

258 3958 342 4006 simos
366 3960 398 4006 in
420 3972 477 4008 eum
493 3966 517 4008 et
540 3961 571 4008 in
594 3959 709 4023 fratrem
727 3961 784 4009 eins
799 3966 823 4008 et
838 3961 869 4008 in
915 3945 973 4014 τοὺς
988 3947 1115 4029 ἀδελφοὺς
1132 3950 1212 4007 αὐτοῦ
1238 3949 1283 4008 καὶ
1298 3952 1334 4016 εἶς
1357 3948 1388 4007 τ“ο
1410 3947 1483 4016 ἔθνος
1499 3949 1591 4006 αὐτοῦ.

259 4051 361 4106 pentem
381 4047 448 4095 sias.
473 4046 498 4096 6.
521 4047 554 4095 Et
579 4049 652 4097 dedit
663 4050 687 4096 et
712 4055 869 4112 potestatem
915 4039 944 4095 li.
975 4037 1029 4096 liat
1060 4035 1157 4096 ἔδωκεν
1191 4039 1265 4112 αὐτῷ
1289 4037 1408 4106 ἐξουσίαν
1437 4039 1594 4114 συναγαγεῖν

258 4135 441 4195 ιονιοαεοοοιὶι·
484 4136 629 4184 exercitum
671 4145 695 4184 et
731 4137 868 4200 fabricare
915 4123 1039 4203 δυνάμεις
1061 4126 1106 4184 καὶ
1130 4127 1338 4192 κατασκευάζειν
1361 4125 1433 4186 ὅπλα
1460 4125 1505 4212 καὶ
1529 4115 1596 4184 εἶναι

259 4234 337 4272 ormo
356 4228 381 4271 st
401 4236 455 4272 esse
475 4225 563 4286 ipsum
583 4225 764 4284 wairneins,
781 4234 806 4274 et
821 4227 869 4274 oh·
915 4213 994 4273 αὐτὸν
1009 4214 1154 4294 σύμμαχον
1174 4217 1266 4288 αὐτοῦ,
1284 4216 1330 4274 καὶ
1352 4215 1387 4274 τὰ
1410 4213 1502 4293 ὅμηρα
1515 4212 1549 4270 sd
1568 4215 1595 4272 is

259 4311 329 4362 sides
342 4311 390 4374 qui
402 4318 480 4361 erant
494 4315 526 4360 in
540 4326 600 4364 erce
613 4314 692 4362 iussit
709 4315 781 4363 tradi
796 4317 831 4364 ei.
915 4307 948 4383 τῇ
962 4303 1032 4382 ἄκρᾳ
1048 4294 1105 4364 εἶπε
1121 4306 1287 4382 παραδοῦναι·
1301 4305 1383 4384 αὐτῷ.

296 4402 321 4462 7,
352 4402 385 4450 lit
407 4404 479 4451 venit
509 4403 638 4452 Ionathas
667 4405 698 4453 in
721 4401 868 4454 Ierusalem
956 4395 984 4451 7.
1013 4393 1067 4452 Καὶ
1097 4383 1175 4464 ἦλθεν
1204 4391 1332 4454 ’licuitne
1356 4395 1392 4459 εἷς
1419 4388 1595 4471 Ἰερουσαλὴμ

260 4499 283 4540 et
299 4491 363 4556 lepti
376 4491 506 4556 epistolas
517 4494 548 4542 in
561 4495 659 4544 auditu
670 4496 756 4543 omnis
771 4494 868 4559 populi
915 4484 961 4540 καὶ
976 4479 1138 4558 diripuistis
1158 4482 1299 4548 ἐπιστολὰς
1312 4485 1349 4548 εἰς
1370 4482 1403 4539 τὰ
1427 4471 1484 4540 ὦτα
1499 4479 1596 4544 παντὸς

260 4588 283 4630 et
307 4595 399 4632 eornm
420 4583 467 4645 qni
486 4584 517 4633 in
541 4597 601 4633 orae
620 4590 708 4633 erant.
735 4583 761 4632 8.
781 4584 814 4631 Ει
832 4583 868 4631 ti·
914 4574 960 4628 soii
977 4571 1043 4630 λαοῦ
1057 4569 1104 4629 καὶ
1121 4575 1173 4631 τῶν
1191 4573 1222 4630 ἐκ
1236 4575 1284 4640 τῆς
1303 4569 1397 4648 ἄκρας.
1419 4574 1447 4632 8.
1469 4568 1522 4630 Καὶ
1537 4569 1595 4648 ἐφο-

259 4678 384 4720 mnernnt
395 4673 489 4722 timore
502 4686 609 4736 maeno,
627 4674 755 4737 qnoniam
770 4672 868 4722 ondie-
916 4657 1036 4730 ὅήθησαν
1050 4659 1129 4741 φόὸον
1147 4659 1230 4738 μέγαν
1245 4659 1287 4719 ὅτε
1302 4659 1421 4732 ἥκουσαν
1439 4658 1482 4718 ὅτι
1495 4655 1594 4716 ἔδωκεν

259 4766 323 4808 saint
343 4761 412 4821 qnod
430 4762 502 4811 dedit
519 4764 544 4811 ei
566 4776 612 4812 res
631 4769 788 4826 potestatem
808 4775 868 4811 son·
915 4751 986 4828 αὐτῷ
1000 4752 1014 4807 ὃ
1028 4747 1150 4827 βασιλεὺς
1163 4748 1449 4828 ἕξουσῖανσυναγαγῑῖν
1460 4747 1594 4823 insinere.
