3625 5367
270 401 316 473 eo
793 395 821 452 ι.
845 357 937 453 nien
961 391 1097 462 annm.

277 553 335 603 illis
354 561 383 603 ut
404 557 490 605 esseut
504 553 598 616 parati
617 551 652 600 ad
671 548 773 599 omnia.
790 547 833 600 ub.
851 547 883 595 lit
930 542 974 602 τὸν
993 542 1039 600 καὶ
1063 541 1211 602 ἐνετείλατο
1232 532 1298 600 εἶναι
1320 542 1415 609 αὐτοὺς
1437 543 1556 624 ἑτοίμους
1575 545 1611 608 είς

276 643 345 691 vidit
366 641 434 704 quod
453 639 547 703 defecit
561 640 676 704 pecunia
695 637 726 687 de
746 637 884 687 thesauris
930 639 1019 690 πᾶσαν
1040 632 1142 711 χρείαν.
1167 633 1216 692 29.
1236 632 1290 691 Kal
1312 621 1380 689 εἶδεν
1402 630 1442 689 ὅτι
1465 631 1565 701 ἐξέλιπε
1578 633 1609 692 ιδ

276 733 333 780 suis
350 737 374 780 et
389 731 493 779 tributa
512 730 631 791 repionis
651 728 754 776 modiea
772 733 885 791 propser
930 719 1052 799 ἀργύριον
1066 719 1119 778 ἀπὸ
1132 723 1184 778 τῶν
1202 723 1354 799 θησαυρῶν,
1371 721 1416 778 καὶ
1435 723 1459 779 οί
1475 720 1549 800 φόροι
1562 725 1611 792 τῆς

277 821 468 870 dissensionem
491 827 514 868 et
534 818 646 882 plapam
667 830 748 880 quam
770 814 833 881 [ecit
853 815 884 862 in
929 809 1019 888 χώρας
1049 809 1132 886 ὀλίγοι
1164 808 1244 890 χάριν
1278 812 1325 882 τῆς
1357 811 1531 889 διχοστασίας
1564 811 1609 868 καὶ

279 917 362 969 terra,
381 914 410 958 ut
429 907 533 958 tolleret
554 907 676 970 lepitima
691 919 758 968 quae
773 909 851 953 eraut
866 919 883 952 a
929 900 1034 976 πληγῆς
1051 889 1081 969 ἧς
1101 896 1293 958 κατεσκεύασεν
1316 901 1342 956 ἐν
1366 902 1399 977 τῇ
1419 901 1453 976 γῇ
1478 903 1525 956 τοῦ
1544 889 1607 979 ἆραι

277 999 375 1063 primis
404 997 512 1053 tls'ebtii,¹
539 997 581 1046 30.
605 1002 628 1044 el
656 995 744 1043 timuit
767 1006 801 1042 tte
829 1005 883 1040 nort
929 985 963 1046 τὰ
977 989 1077 1063 νόμιμα
1093 986 1110 1044 ἃ
1129 978 1197 1058 ἦσαν
1221 989 1267 1067 ἀφ’
1282 989 1391 1066 ἡμερῶν
1410 989 1463 1044 τῶν
1484 987 1606 1067 πρώτων·

278 1086 396 1145 λούεται,
413 1093 441 1134 ut
460 1085 540 1134 senui
557 1093 582 1134 et
603 1084 652 1143 bis,
672 1085 703 1133 in
721 1089 842 1146 sumptus
859 1089 883 1130 et
930 1076 978 1136 30,
1003 1075 1049 1134 καὶ
1074 1076 1208 1148 εὐλαὸήθη
1231 1074 1268 1152 μὴ
1290 1075 1402 1156 obstipe,
1421 1079 1456 1142 ὡς
1479 1075 1608 1144 ἅπεξκσὶ
1704 1131 1707 1138 ,

277 1175 403 1235 donaria,
423 1187 490 1237 quoe
505 1174 614 1224 dederat
630 1179 691 1223 ante
707 1172 786 1234 tarpa
800 1184 883 1220 manu
930 1165 967 1231 δὶς
981 1167 1017 1232 είς
1033 1163 1079 1232 rb<
1095 1166 1216 1230 δαπάνας
1235 1164 1281 1224 καὶ
1300 1163 1333 1222 rh
1354 1165 1469 1242 δόματα,
1487 1165 1504 1223 δ
1523 1163 1610 1225 ἐδίδου

277 1271 300 1313 et
314 1265 500 1313 abundaverat
516 1277 596 1327 super
608 1275 682 1324 repes
692 1263 739 1324 qui
750 1266 811 1309 ante
824 1273 883 1308 eum
929 1253 1075 1334 ἔμπροσθεν
1107 1253 1214 1332 δαψιλεῖ
1243 1255 1312 1335 χειρὶ
1347 1253 1392 1312 καί
1422 1253 1607 1332 ἐπερίσσευσεν

277 1353 395 1416 fuerant.
414 1353 459 1407 31.
475 1352 509 1401 lit
522 1356 706 1409 consternatus
721 1356 779 1398 erat
792 1349 883 1397 animo
930 1341 994 1420 ὑπὲρ
1009 1342 1067 1410 τοὺς
1087 1346 1204 1421 βασιλεῖς
1223 1341 1282 1409 τοὺς
1303 1341 1463 1421 ἔμπροσθεν.
1480 1346 1529 1403 3t.
1555 1343 1608 1403 Καὶ
1690 1355 1695 1362 “

277 1440 354 1490 ualde
381 1447 405 1488 et
429 1441 557 1503 copitarit
582 1441 621 1489 ire
647 1441 678 1488 in
699 1439 836 1488 Persidem
858 1442 882 1484 et
929 1433 1188 1510 ἠποριῖτοτῇψυχῇ
1206 1431 1405 1512 αὐτοῦσφόδρα
1427 1431 1608 1492 καίίύουλεύ·

278 1530 882 1594 acciperetributarepionumetconprepare
930 1543 995 1578 aare
1020 1524 1065 1579 τοῦ
1088 1524 1248 1598 πορευθῆναι
1272 1523 1309 1586 είς
1336 1521 1384 1590 τὴν
1416 1520 1535 1599 Περσίδα
1562 1521 1608 1579 καὶ

278 1625 418 1682 arpentum
432 1615 555 1666 rrrrtltum.
929 1607 1020 1668 λαύείν
1034 1608 1094 1676 τοὺς
1108 1609 1200 1688 φόρους
1215 1611 1267 1666 τῶν
1281 1611 1377 1689 χωρῶν
1391 1608 1437 1668 καὶ
1451 1612 1609 1688 συναγαγεῖν

929 1693 1052 1777 ἀργύριον
1066 1698 1145 1758 πολύ.

267 1851 270 1859 ,
313 1797 359 1848 32.
383 1798 416 1846 lit
430 1795 541 1859 reliquit
556 1797 662 1858 lusiam
682 1795 815 1845 hominem
833 1809 882 1843 no·
969 1789 1025 1870 θλ,
1044 1785 1097 1846 Καί
1117 1786 1245 1846 κατέλιπε
1264 1785 1366 1846 Λυσίαν
1384 1787 1520 1865 ἄνθρωπον
1536 1787 1606 1846 ἔνδυ·

277 1885 357 1934 bilem
382 1887 413 1935 de
437 1899 531 1948 periere
559 1885 647 1948 repuli
670 1898 751 1949 super
772 1885 882 1945 nepotia
930 1874 970 1942 ξον
992 1875 1037 1934 καί
1062 1875 1114 1932 άπὸ
1139 1874 1227 1954 γένους
1250 1879 1298 1943 τῆς
1321 1876 1457 1954 βασιλείας
1487 1876 1530 1933 ἐπὶ
1554 1879 1605 1934 τῶν

278 1975 353 2036 repia
369 1974 510 2036 alumine
531 1974 668 2037 Euphrate
688 1986 769 2035 usque
785 1973 819 2022 ad
833 1971 883 2034 llu-
929 1964 1093 2042 πραγμάτων
1118 1968 1163 2022 τοῦ
1186 1960 1316 2042 βασιλέως
1340 1964 1393 2023 άπὸ
1415 1971 1462 2024 τοῦ
1485 1969 1608 2042 ποταμοῦ

277 2076 336 2110 men
355 2064 478 2126 Aepppti,
502 2063 543 2112 33.
562 2068 585 2111 et
605 2068 634 2110 ut
651 2062 770 2110 nutriret
790 2062 882 2110 Antio
932 2051 1073 2133 Εὐφράτου
1092 2051 1141 2120 ἕως
1164 2056 1217 2111 τῶν
1237 2053 1316 2132 ὁρίων
1332 2051 1479 2131 Αἰγύπτου,
1496 2055 1545 2114 33.
1563 2055 1607 2110 καί

210 2211 215 2221 .
276 2151 353 2200 chum
367 2151 454 2215 tilium
469 2165 547 2201 suum
565 2151 645 2200 donee
660 2151 769 2198 rediret.
788 2149 831 2200 at.
849 2151 881 2198 Et
928 2139 1031 2222 τρίφιιν
1059 2140 1196 2221 Ἀντίοχον
1221 2139 1264 2200 τδν
1295 2143 1350 2201 υίδν
1383 2144 1463 2201 αὐτοῦ
1487 2133 1537 2209 ἕως
1561 2147 1608 2200 τοῦ

278 2241 391 2289 tradidit
401 2240 427 2289 ei
437 2240 552 2289 medium
562 2241 705 2289 exereitum
716 2245 739 2288 et
750 2238 882 2302 elephau-
928 2229 1088 2311 ἐπιστρέψαι
1108 2231 1198 2291 absin.
1217 2233 1267 2290 34.
1292 2230 1345 2289 Καί
1364 2230 1517 2306 παρέδωκεν
1536 2233 1607 2309 αὐτῷ

278 2335 326 2388 tos,
352 2336 376 2377 et
400 2328 540 2378 mandauit
565 2329 590 2376 ei
616 2329 646 2377 de
666 2327 788 2376 ominibus
812 2341 881 2390 quae
928 2318 975 2386 τὰς
988 2319 1093 2395 1ἡμίσεις
1108 2322 1160 2377 τῶν
1173 2321 1310 2396 δυνάμεων
1323 2319 1368 2378 καί
1379 2319 1439 2385 τοὺς
1450 2319 1605 2398 ἐλέφαντας,

277 2417 382 2466 rotabat
396 2417 464 2466 etde
477 2417 697 2466 inhabitantibus
711 2417 840 2466 Iudaeam
857 2424 881 2466 et
928 2408 973 2466 καί
986 2408 1134 2468 ἐνετείλατο
1146 2409 1217 2487 αὐτῷ
1232 2409 1292 2487 περὶ
1306 2407 1411 2467 πάντων
1423 2397 1459 2466 ὧν
1470 2405 1604 2476 liuttere,

277 2506 435 2565 Ierusalem,
466 2507 510 2558 35.
537 2514 562 2555 et
585 2513 613 2554 ut
642 2507 757 2556 mitteret
780 2507 816 2556 ad
839 2520 881 2555 eos
928 2496 974 2555 καί
991 2497 1052 2576 περὶ
1071 2499 1121 2555 τῶν
1140 2497 1333 2556 κατοικούντων
1351 2495 1399 2565 τὴν
1416 2494 1545 2556 Ἰουδαίαν
1559 2494 1605 2552 καί

276 2596 420 2644 exereitum
435 2593 470 2644 ad
485 2595 671 2644 conterendam
686 2602 709 2643 et
725 2595 882 2658 exstirpare·
928 2583 1115 2664 Ἰερουσαλήμ,
1132 2588 1178 2646 35.
1195 2587 1351 2644 ἀποστεῖλαι
1366 2583 1407 2643 ἐπ’
1423 2583 1515 2650 αὐτοὺς
1529 2583 1606 2642 δύνα-

277 2683 338 2732 dam
358 2685 484 2733 uirtutem
506 2683 592 2734 lsrael
610 2691 633 2733 et
657 2683 789 2747 reliquias
809 2685 882 2734 leru·
930 2697 974 2751 μιν
995 2679 1040 2733 τοῦ
1068 2676 1191 2755 ἐκτρῖψαι
1213 2677 1257 2734 καί
1282 2674 1372 2753 ἐξᾶραι
1394 2673 1442 2745 τὴν
1465 2671 1541 2753 ἰσχύν
1554 2673 1607 2732 Ἰσ-

275 2771 359 2823 salem
378 2779 402 2821 et
423 2771 600 2836 disserendam
620 2775 774 2822 memoriam
792 2786 881 2822 eorum
930 2761 1007 2838 ραὴλ,
1036 2763 1133 2822 καὶτὸ
1157 2763 1330 2840 κατάλειμμα
1357 2760 1535 2842 Ἰερουσαλὴμ
1563 2762 1609 2821 καὶ

276 2861 384 2919 deloco,
402 2861 445 2912 ab.
462 2867 486 2911 et
497 2869 525 2910 ut
535 2863 705 2911 constitueret
717 2862 881 2911 habitatores
929 2842 989 2931 άραι
1003 2853 1033 2909 τὸ
1044 2852 1210 2930 μνημόσυνον
1227 2853 1311 2911 αὐτῶν
1326 2851 1433 2911 ἀπὸτοῦ
1446 2851 1539 2924 τύπου,
1555 2854 1605 2912 36.

276 2949 346 3014 filios
374 2950 542 3013 alienipenas
570 2952 602 2999 in
633 2950 755 3000 omnibus
782 2949 882 3015 finibus
927 2939 973 2997 nai
988 2945 1147 3010 κατοικῆσαι
1163 2939 1234 3008 oieb<
1257 2940 1405 3019 άλλογενεῖς
1428 2943 1454 2999 ἐν
1476 2949 1542 2998 πᾶσι
1556 2947 1609 3006 τοῖς

276 3053 366 3090 eorum
376 3047 400 3089 et
410 3046 480 3089 sorte
491 3039 662 3088 distribueret
674 3047 772 3088 terram
780 3052 879 3087 eorum.
928 3027 1006 3106 ὁρίοις
1025 3030 1112 3087 αὐτῶν
1133 3029 1178 3087 καί
1207 3029 1471 3107 κατακληροδοτῆσαι
1495 3028 1541 3099 τὴν
1558 3031 1606 3106 γῆν

277 3127 321 3180 37.
345 3130 377 3176 Et
401 3142 448 3177 rea
468 3128 612 3193 assumpsit
627 3135 731 3191 partem
752 3129 881 3177 exereitus
929 3119 1026 3177 αὐτῶν.
1053 3120 1102 3178 37.
1131 3117 1184 3177 Καὶ
1208 3123 1222 3178 ὁ
1252 3116 1375 3198 βασιλεὺς
1401 3115 1537 3196 παρελαύε
1559 3115 1607 3183 τδις

277 3218 379 3268 residui
394 3224 417 3266 et
431 3217 514 3266 erieit
524 3217 556 3266 ab
566 3217 711 3266 Antiochia
722 3217 831 3266 ciuitate
842 3230 883 3266 re·
928 3205 1032 3281 ἡμίσεις
1046 3207 1098 3264 τῶν
1113 3206 1249 3283 δυνάμεων
1265 3206 1312 3274 el<
1327 3207 1546 3284 καταλειφθείσας
1563 3206 1608 3264 καὶ

276 3307 324 3369 pni
339 3309 382 3356 sui
398 3320 470 3355 anuo
486 3306 626 3355 centesimo
637 3311 661 3354 et
676 3305 883 3369 quadrupesiruo
929 3297 1029 3374 άπῆριν
1045 3294 1098 3354 ἀπὸ
1112 3293 1271 3376 Ἀντιοχείας
1286 3296 1339 3354 σ’πδ
1354 3295 1455 3361 πόλεως
1471 3295 1608 3376 βασιλείας

276 3397 397 3460 septimo,
432 3403 457 3444 et
495 3394 684 3458 transfretavit
724 3395 883 3459 Euphraten
930 3385 1008 3442 αὐτοῦ
1027 3383 1099 3452 ἔτους
1115 3383 1229 3460 titium
1255 3383 1301 3443 nul
1327 3389 1540 3461 τεσσαρακοατοῦ
1562 3383 1608 3440 καὶ

277 3483 374 3546 huruen
393 3491 417 3533 et
435 3482 643 3547 perambulabat
667 3485 819 3547 superiores
839 3498 883 3534 re·
930 3475 1084 3546 ἑκατοστοῧ,
1108 3473 1153 3531 καλ
1173 3472 1314 3552 διεπέρασε
1337 3473 1380 3531 τὸν
1405 3472 1546 3554 Εὐφράτην
1561 3494 1609 3529 πο-

276 3573 376 3634 pianes.
931 3559 1015 3631 raphu
1030 3562 1075 3620 καί
1090 3561 1255 3641 διεπορεύετο
1269 3559 1316 3628 τδις
1331 3562 1421 3620 ἐπάνω
1435 3560 1535 3641 χώρας,

320 3727 444 3795 Nuntio
477 3728 520 3795 de
551 3726 708 3794 cladibus
738 3735 880 3816 nooepto
914 3729 1115 3810 Antiochus,
1148 3728 1189 3795 de
1228 3729 1372 3796 audacia
1406 3729 1606 3796 ludaeorum

276 3835 423 3902 maximo
446 3833 657 3922 indignatus,
683 3831 779 3900 omni
794 3834 829 3900 vi
852 3856 910 3901 eos
930 3833 1077 3902 deiicere
1101 3835 1230 3902 statuit.
1255 3839 1364 3912 Quare
1386 3835 1502 3924 copias
1529 3856 1608 3902 suas

276 3943 389 4031 eoegit
413 3948 458 4021 et,
486 3945 522 4007 ut
541 3939 707 4028 Iosephus
730 3939 841 4020 addit,
866 3942 994 4008 multos
1016 3964 1056 4006 ex
1082 3941 1203 4008 insulis
1224 3941 1455 4008 mercenarios
1482 3941 1610 4008 milites

276 4046 468 4136 assumpsit.
482 4045 641 4112 Militibus
652 4043 825 4134 stipendia
842 4047 876 4134 (S
891 4047 993 4126 dona,
1006 4069 1022 4113 s
1037 4047 1163 4113 retinet
1179 4049 1299 4134 ὀψώνια)
1311 4049 1348 4114 in
1361 4070 1493 4115 annum
1511 4047 1608 4137 (inte-

276 4174 378 4239 grum
397 4154 425 4240 s)
441 4141 648 4235 numeravit,
668 4150 739 4217 seit.
763 4174 832 4241 quo
847 4154 1120 4242 promptioribus
1144 4154 1270 4222 animis
1287 4154 1521 4245 expeditiones
1538 4175 1609 4220 sus-

276 4260 447 4349 ciperent,
469 4267 604 4342 ἑτοίμους
624 4262 666 4338 εἰς
681 4265 776 4326 πᾶσαν
791 4270 906 4346 χρείαν,
927 4265 964 4326 ut
978 4258 1133 4350 prompti
1147 4265 1180 4326 et
1194 4261 1307 4351 parati
1322 4267 1432 4329 essent
1452 4259 1609 4326 ubicum-

276 4390 342 4457 que
362 4366 544 4433 neeessitas
558 4365 724 4452 exigeret,
742 4387 825 4452 ergo
842 4366 888 4432 ad
907 4365 1091 4455 quodlibet
1109 4365 1240 4433 bellum
1260 4371 1294 4435 in
1317 4387 1534 4457 quacumque
1556 4387 1608 4432 re-

276 4474 380 4562 gione
393 4472 663 4563 suscipiendum.
685 4475 753 4538 Hae
774 4473 950 4539 coactione
970 4472 1149 4562 copiarum
1164 4475 1265 4541 simul
1282 4475 1442 4540 timorem
1454 4473 1608 4540 incutere

275 4581 421 4648 voluisse
446 4578 635 4647 censendus
657 4579 736 4659 erit,
754 4600 797 4645 ne
820 4577 978 4668 exemplo
1007 4579 1212 4648 ludaeorum
1229 4580 1318 4648 aliae
1343 4601 1481 4670 quoque
1497 4579 1608 4646 tribus

274 4687 495 4754 rebellarent.
514 4685 702 4753 Antiochus
725 4683 769 4749 ad
788 4689 945 4773 sumptus
968 4687 1124 4774 profusos
1147 4710 1274 4776 pronus
1287 4693 1359 4754 eret
1373 4687 1430 4776 (of.
1449 4685 1608 4774 Polybius

274 4798 392 4873 bb,1b;
407 4798 499 4872 31,3.
517 4791 684 4858 Diodorus
700 4789 761 4858 sio.
779 4790 915 4880 31,16);
928 4792 1079 4860 solverat
1093 4793 1280 4882 stipendia,
1298 4792 1424 4860 tributa
1439 4815 1479 4859 ex
1495 4793 1606 4879 regio·
