3625 5367
746 324 774 380 θ.
799 274 889 381 ulcu..
916 322 1056 396 tar-10.
1507 329 1566 388 399

233 500 272 545 σο
292 475 365 543 scil.
382 472 486 540 modo
501 472 633 562 ubique
652 492 692 537 eo
707 476 859 561 tempore
874 470 1041 561 scriptum
1060 492 1142 539 esse.
1160 475 1408 558 Argumentum
1429 497 1566 570 quoque

232 582 457 673 epistolarum
474 578 628 646 alienum
643 599 714 645 esse
732 577 777 645 ab
792 577 886 645 omui
898 577 1091 669 suspicione
1105 578 1254 659 fraudis;
1270 602 1341 647 esse
1353 581 1480 674 scripta
1493 584 1566 650 sine

232 691 305 757 ulla
320 687 509 755 offensione
534 684 711 776 (tudellose
731 683 1002 774 maritumam),
1021 684 1199 773 inquibus
1217 688 1359 773 negotia
1379 692 1567 759 tractentur

232 803 265 864 et
286 800 378 862 certa
397 793 570 884 quaedam
590 796 830 883 proponantur
850 790 923 858 sine
947 790 1020 859 ullo
1039 792 1133 874 fuco,
1148 793 1221 859 sine
1251 792 1322 860 ullo
1343 794 1449 861 verbo
1473 795 1567 886 quod

231 902 444 994 peculiarem
467 899 673 967 ludaeorum
697 898 847 984 gloriam
866 902 1008 987 spectet.
1032 903 1074 964 at
1093 899 1197 986 longe
1220 899 1332 967 maior
1351 923 1431 991 pars
1450 903 1566 971 erudi-

232 1014 347 1076 torum
366 1004 645 1075 acatholicorum
663 1004 725 1071 has
744 1004 905 1094 epistolas
917 1003 1078 1072 confictas
1093 1011 1350 1089 csse‘statuunt3
1368 1029 1425 1075 eas
1438 1009 1568 1076 habeut

234 1115 403 1203 genuinas
420 1112 604 1194 Bertbeau‚
628 1110 714 1193 Keil,
735 1110 1018 1201 Cliniamihtqer,
1041 1133 1160 1179 verum
1177 1135 1234 1179 eas
1252 1114 1425 1202 pertinere
1447 1116 1568 1183 volunt

234 1220 276 1288 ad
297 1219 547 1311 expeditionem
567 1217 665 1285 illam
686 1240 774 1307 quae
791 1224 807 1283 1
830 1218 933 1284 blach.
956 1225 976 1284 6
997 1223 1030 1284 ct
1051 1224 1072 1284 ν
1090 1219 1195 1287 llach.
1221 1226 1261 1286 13
1278 1226 1451 1288 narratur.

614 1447 641 1502 b.
668 1440 751 1503 Ultio
770 1439 901 1501 heahbns
922 1440 1033 1519 r'rrsts'rta
1056 1446 1185 1514 rra-16.

275 1641 345 1701 tal.
374 1641 422 1689 llis
446 1640 528 1705 factis
551 1640 721 1705 pactionibus
745 1640 841 1702 Lysias
933 1628 1015 1701 izi.
1040 1626 1192 1700 Γενομένων
1208 1627 1235 1686 δὲ
1250 1630 1302 1686 τῶν
1318 1630 1453 1700 συνθηκῶν
1467 1627 1567 1688 τούτων

235 1730 363 1795 ρετρεθον
379 1730 413 1779 acl
429 1742 525 1792 repent,
541 1730 634 1778 ludaei
655 1736 744 1779 antem
763 1730 840 1791 apri·
887 1714 965 1791 ὁμέν
985 1714 1088 1783 Λυσίας
1107 1716 1189 1795 initu
1207 1716 1272 1795 πρὸς
1291 1716 1336 1775 τδν
1352 1717 1476 1795 βασιλέα,
1492 1722 1516 1777 oi
1539 1717 1565 1776 δὲ

236 1818 358 1869 catturae
381 1832 489 1883 operam
505 1818 616 1867 dabant.
631 1818 655 1867 θ.
673 1818 723 1866 Sed
744 1818 772 1866 hi
794 1818 841 1879 qui
887 1804 1011 1865 Ἰουδαῖοι
1030 1802 1093 1885 περὶ
1106 1804 1154 1878 τὴν
1169 1804 1300 1886 γεωργίαν
1320 1806 1444 1882 ἐγίνοντο.
1457 1809 1486 1867 b.
1501 1806 1567 1864 Τῶν

236 1909 399 1967 resederant,
434 1906 595 1967 Timotheus,
626 1913 649 1955 et
680 1904 841 1970 Apollonius
887 1893 915 1951 δὲ
924 1892 994 1952 κατὰ
1006 1893 1086 1952 τύπον
1097 1896 1255 1972 στρατηγῶν
1270 1894 1399 1971 Τιμόθεος
1411 1895 1456 1953 καί
1468 1896 1564 1955 Ἀπολ-

237 1997 354 2047 Gennaei
382 1994 466 2059 filins,
493 1996 539 2044 sed
562 2002 586 2044 et
611 1997 789 2057 Hieronymus
817 2001 841 2042 et
886 1982 1066 2049 λιύνιοςδτοῦ
1085 1983 1222 2058 Γενναίου,
1237 1981 1275 2041 in
1297 1982 1325 2042 δέ
1340 1981 1500 2064 Ἱερώνυμος
1520 1983 1567 2043 καὶ

239 2086 399 2149 Demophon,
407 2097 488 2148 super
501 2085 704 2135 boseth'icanor
712 2084 841 2149 Cypriar-
887 2069 1034 2152 Anpoprln,
1049 2070 1115 2151 πρὸς
1135 2069 1164 2130 δέ
1183 2071 1286 2139 τούτοις
1305 2074 1431 2151 Νικάνωρ
1450 2077 1465 2131 θ
1484 2075 1566 2132 Kars-

240 2174 307 2235 ches‚
322 2188 377 2222 non
390 2173 518 2232 sinebant
534 2186 575 2222 eoa
591 2176 620 2221 in
635 2173 743 2222 silentio
764 2186 841 2234 apere
888 2160 1011 2239 ριάρχης,
1026 2162 1073 2218 aba
1086 2158 1146 2218 εἴων
1158 2157 1253 2226 αὐτούς
1266 2162 1401 2219 εὖσταθεῑν
1416 2160 1462 2219 καὶ
1475 2163 1508 2218 τά
1520 2165 1566 2231 τῆς

240 2270 263 2313 et
279 2265 374 2326 ςυςεςε.
887 2248 1002 2326 ἡσυχίας
1016 2248 1100 2324 ἄγειν.

275 2354 299 2403 3.
315 2353 436 2416 loppitae
459 2364 520 2401 cero
541 2349 593 2399 tale
614 2350 746 2412 quoddam
761 2349 841 2413 {lapi-
927 2338 958 2395 3.
979 2334 1114 2395 ’ίοππῖται
1136 2335 1163 2395 δὲ
1184 2338 1324 2406 τηλικοῦτο
1345 2337 1515 2396 συνετέλεσαν
1536 2338 1565 2395 sb

238 2442 305 2491 tium
313 2446 528 2505 perpetrarunt:
544 2444 706 2502 repererunt
718 2438 840 2497 ludaeos,
888 2422 1052 2499 δνςαέὸημα·
1072 2423 1306 2502 παρακαλέσαντες
1329 2424 1388 2490 τοὺς
1410 2424 1456 2484 σὺν
1478 2426 1567 2494 αὖτοῐς

242 2544 299 2579 curn
319 2530 416 2592 quiam
435 2529 606 2588 habitabant,
624 2527 763 2578 ascendere
783 2540 842 2577 sca·
888 2514 1023 2578 οἰκοῦντας
1039 2512 1178 2579 Ἰουδαίους
1197 2512 1314 2588 ἕμὸἦναν
1328 2514 1363 2580 αἷς
1377 2513 1411 2571 τίς
1426 2537 1566 2592 παραστα-

237 2620 306 2684 pbas
335 2632 402 2681 quaa
432 2624 599 2683 paraverant
629 2630 685 2666 curn
715 2616 842 2665 acoribus
889 2603 966 2660 θέντα
983 2600 1028 2659 ὑπ’
1041 2602 1126 2659 αὐτῶν
1147 2603 1236 2683 σκάφη
1258 2601 1305 2659 σὺν
1324 2600 1426 2679 γυναιξὶ
1441 2603 1487 2660 καὶ
1500 2602 1563 2661 τέκ-

239 2716 262 2757 et
286 2707 367 2773 filiis,
388 2708 468 2769 quasi
487 2706 573 2757 nuliis
593 2705 747 2755 inimicitiis
772 2706 844 2753 inter
889 2713 942 2756 νοις
954 2692 990 2756 ὡς
1004 2690 1137 2766 μηδεμιᾶς
1157 2689 1304 2762 ἐνεστώσης
1318 2692 1382 2771 πρὸς
1397 2689 1489 2758 αύτούς
1509 2692 1565 2758 δυς-

243 2810 285 2847 eos
315 2796 531 2853 subiacentibus;
556 2794 580 2845 i.
606 2795 748 2845 secandum
774 2806 844 2842 com·
890 2777 1005 2855 μενιίας,
1027 2782 1056 2837 l.
1082 2777 1150 2855 perir
1177 2780 1204 2838 δὲ
1230 2778 1260 2837 τδ
1285 2779 1370 2838 κοινδν
1394 2783 1440 2851 τῆς
1463 2778 1565 2847 πόλεως

243 2900 320 2935 mnne
340 2887 431 2947 itaque
451 2885 582 2933 decretam
603 2882 843 2946 civitatisetipsis
889 2866 1026 2947 ψήφισμα,
1048 2868 1093 2926 καὶ
1121 2867 1220 2926 τούτων
1250 2867 1444 2945 έπιδεξαμένων
1470 2871 1507 2935 ὥς
1533 2867 1565 2927 διν

242 2974 471 3037 acquiescentibus
502 2974 629 3037 pacisque
660 2986 741 3022 causa
771 2970 845 3021 nihii
890 2955 1031 3035 εἰρηνεύειν
1054 2955 1180 3016 θελόντων
1195 2957 1242 3016 καί
1256 2958 1339 3034 μηδὲν
1358 2956 1474 3016 ύποπτον
1490 2958 1566 3038 ἐχόν-

238 3070 387 3129 suspectam
421 3062 590 3123 habentibus,
614 3076 671 3111 cum
700 3063 731 3111 in
759 3061 844 3111 sitnm
889 3068 952 3118 των,
976 3046 1176 3125 ἐπαναχθέντος
1206 3045 1300 3113 αὐτοὺς
1330 3045 1465 3121 ἕθῦθνπαν,
1489 3050 1566 3114 ὄντας

241 3154 440 3218 processissent,
459 3152 657 3201 submerserant
679 3164 734 3200 non
755 3152 844 3198 minas
890 3136 937 3193 ούκ
951 3134 1059 3192 έλαττον
1074 3138 1126 3192 τῶν
1142 3135 1292 3193 διακοσίων.
1308 3139 1337 3193 5.
1354 3134 1522 3195 Μεταλαύὼν
1538 3136 1565 3195 δέ

241 3243 374 3291 ducentos.
398 3242 423 3289 5.
446 3242 531 3297 Quam
555 3238 740 3287 crudelitatem
764 3238 844 3286 ludas
890 3221 993 3287 Ἰούδας
1007 3220 1056 3294 rh*
1070 3230 1207 3298 γτγαννῖαν
1221 3225 1257 3289 τίς
1270 3220 1330 3288 τοὺς
1349 3226 1481 3297 ὁμοεθνεῖς
1494 3224 1566 3295 ὠμό-

239 3332 269 3379 in
285 3343 348 3378 snae
364 3328 450 3389 pentir
467 3326 586 3375 homiues
599 3326 697 3389 saetam
712 3330 739 3373 nt
752 3338 844 3388 capno·
890 3332 971 3381 τητα,
992 3308 1173 3387 παραγγείλας
1193 3309 1246 3375 ταῖς
1267 3309 1328 3388 περὶ
1353 3311 1432 3368 αὐτὸν
1453 3311 1565 3391 ἀνδράσι

242 3420 291 3479 eit,
304 3416 441 3481 praecepit
460 3416 528 3463 uiris
544 3415 681 3477 quierant
702 3428 758 3462 curn
774 3415 843 3477 ipso,
890 3398 936 3456 ssi
950 3398 1174 3474 ἐπικαλεσάμενος
1191 3396 1236 3455 τὸν
1256 3397 1356 3457 δίναναν
1376 3399 1468 3477 κριτὴν
1481 3401 1562 3471 Θεὸν,

242 3516 266 3557 et
290 3506 416 3556 inuocato
441 3506 511 3553 iusto
534 3500 622 3553 iudice
646 3502 706 3563 Deo,
728 3502 753 3551 6.
772 3504 844 3551 cenit
890 3485 1566 3567 6.παρεγένιτοέπὶτοὺςμιαιφόνουςτῶνἀδελφῶν,

244 3597 370 3646 adversus
384 3590 566 3656 interfectores
577 3590 695 3656 fratrum
705 3598 728 3641 et
738 3597 845 3656 portam
890 3576 936 3634 καὶ
954 3576 999 3634 τδν
1019 3574 1067 3652 μέν
1085 3574 1179 3652 λιμένα
1200 3576 1302 3655 νύκτωρ
1321 3576 1448 3656 ἐνέπρησε
1468 3577 1513 3637 καὶ
1531 3577 1565 3638 sb

242 3686 347 3748 quidem
358 3688 438 3733 noctu
451 3682 595 3743 succendit,
607 3681 721 3745 scaphas
734 3682 842 3740 exussit,
890 3666 981 3746 anian
1005 3663 1161 3743 κατέφλεξε,
1173 3662 1232 3731 τούς
1253 3665 1280 3723 δέ
1303 3669 1355 3725 ἐκεῖ
1382 3666 1566 3746 συμφυγόντας

243 3787 284 3823 σοι
300 3780 388 3821 autern
401 3772 448 3833 qui
462 3772 494 3819 ab
509 3772 570 3833 iane
583 3767 739 3833 reserarant
752 3769 845 3832 plodio
891 3753 1054 3834 iitxivtuae.
1071 3755 1099 3813 7.
1113 3755 1168 3813 Τοῦ
1188 3753 1216 3811 δὲ
1235 3752 1334 3833 χωρίου
1354 3754 1566 3832 συγκλεισθέντος

241 3862 363 3927 peremit.
379 3861 403 3911 7.
419 3862 451 3909 lit
467 3874 525 3908 cnm
540 3860 603 3908 hoec
617 3861 656 3907 ita
672 3860 775 3921 coisset,
791 3858 845 3907 ciis-
891 3842 1015 3901 ἀνέλυσαν
1034 3845 1070 3909 ὥς
1088 3843 1170 3901 πάλιν
1189 3840 1258 3913 ἥξων
1277 3841 1322 3902 καί
1341 3841 1372 3901 τδ
1390 3843 1498 3919 σύμπαν
1513 3848 1565 3903 τῶν

242 3951 318 4013 cessit
340 3950 418 4013 qnasi
441 3950 536 3997 iternrn
562 3962 716 3998 reversurus
736 3954 759 3997 ct
780 3948 844 3995 uni·
891 3930 1035 3991 Ἰοππιτῶν
1064 3932 1204 4010 έκριζῶσαι
1233 3930 1391 4008 πολίτευμα.
1415 3935 1444 3993 8.
1472 3936 1565 3994 Μετα-

242 4053 331 4089 versos
344 4040 465 4103 loppitas
478 4038 674 4087 eradicatores.
686 4036 711 4085 8.
724 4037 774 4085 Sed
788 4050 845 4085 cam
890 4019 983 4079 λαθὼν
998 4018 1025 4079 δέ
1040 4018 1086 4078 καί
1099 4019 1158 4087 τοὺς
1179 4022 1206 4079 έν
1219 4018 1339 4102 ’lupicis
1351 4022 1395 4081 sir
1412 4020 1490 4081 αὐτὸν
1509 4026 1565 4083 ἐπι·

245 4129 408 4192 capnoaiaset
433 4134 456 4175 et
481 4139 523 4174 eos
548 4127 595 4188 qni
623 4133 700 4174 erant
724 4125 845 4174 lemniae
890 4111 975 4168 τελεῖν
1001 4108 1174 4189 βουλομένους
1199 4110 1296 4190 τρόπον
1319 4120 1372 4174 τοῖς
1395 4117 1566 4191 παροικοῦσιν

244 4218 312 4267 aeiie
340 4217 404 4281 pari
432 4215 508 4265 inodo
538 4214 625 4279 [acere
657 4213 845 4263 habitantibus
891 4197 1038 4274 Ἰουδαίοις,
1053 4202 1082 4259 9.
1100 4198 1146 4258 καί
1164 4198 1217 4266 τοῖς
1231 4198 1378 4275 Ἰαμνίταις
1395 4201 1489 4269 νυκτδς
1507 4203 1565 4261 im·

242 4320 328 4355 secmn
342 4306 460 4364 ludaeis,
475 4306 501 4355 9.
514 4302 641 4354 lanrnitis
656 4316 757 4365 qnoque
771 4309 845 4351 nocte
891 4286 982 4347 ὅαλδιν
1000 4290 1086 4368 ὑφῆψε
1106 4286 1150 4347 τδν
1169 4287 1264 4364 λιμένα
1279 4288 1326 4346 σύν
1340 4292 1378 4368 τῷ
1392 4289 1490 4369 σπολῳ,
1503 4288 1567 4357 obers

241 4395 395 4457 τυραννικοῖς
411 4401 436 4442 et
450 4400 557 4457 portum
577 4406 634 4443 curn
654 4392 769 4441 naribus
784 4406 845 4441 snc-
892 4377 1031 4456 φαίνεσθαι
1045 4376 1091 4443 τας
1105 4376 1188 4455 mitit
1202 4380 1248 4436 τοῦ
1263 4375 1375 4457 φέγγους
1388 4380 1424 4444 είς
1438 4378 1472 4437 τὰ
1487 4377 1567 4457 Ἱερο-

244 4484 340 4541 cendit,
364 4482 405 4532 ita
428 4489 457 4532 ut
484 4482 572 4531 iumen
600 4481 673 4545 ipnis
703 4485 845 4546 appareret
891 4466 997 4542 σολυμπ
1020 4464 1134 4524 σταδίοιν
1158 4463 1239 4524 ὄντων
1265 4465 1407 4524 διακοσίων
1430 4469 1565 4549 τεσσαρά-

242 4570 413 4633 ierosolymis
434 4586 450 4619 a
469 4570 567 4621 stadiis
586 4571 707 4621 ducentia
725 4570 845 4633 quadra·
891 4577 985 4614 κοντα.

240 4663 327 4725 pinta.

276 4750 318 4801 10.
340 4750 405 4801 inde
433 4764 490 4799 carn
515 4751 570 4799 iarn
596 4748 725 4799 abiissent
754 4760 846 4798 noveru
934 4734 982 4793 lb.
1008 4735 1127 4793 Ἐκεῖθεν
1156 4731 1182 4790 δὲ
1211 4732 1413 4800 ἀποσπάσαντες
1445 4733 1567 4805 σταδίους
