3625 5367
238 337 296 397 184
629 371 632 375 ›
739 336 767 394 l.
792 351 885 394 utcu.
911 331 1066 399 103135.

238 487 375 553 decreto
390 485 482 570 regis
503 483 662 550 Antiochi
681 486 791 571 llagni
807 483 851 550 de
874 481 961 550 urbe
983 488 1016 548 ct
1032 479 1160 568 templo
1183 477 1369 544 statuitur:
1388 497 1432 542 ne
1452 473 1571 541 alicni-

239 614 330 680 gena
345 591 440 658 iutra
459 591 578 680 templi
594 596 817 680 consaeptum
835 588 1064 676 ingrediatur,
1087 608 1174 653 nevc
1187 587 1222 651 in
1244 583 1362 650 urbem
1380 583 1575 648 inserantur

239 719 356 766 carnes
380 698 435 764 vel
457 697 564 786 pelles
589 696 792 763 animalium
814 695 1077 762 immundorum
1104 693 1192 781 (unt.
1219 689 1464 776 1a,3,t);‚esto
1488 687 1573 754 urbs

239 809 381 891 ἀφειμένη
397 803 546 871 liberata
564 826 584 870 a
605 802 735 869 tributo
750 810 784 870 ct
802 803 906 869 simul
929 823 1065 869 cumea
1087 799 1190 866 etiam
1207 801 1242 866 τὰ
1261 803 1327 884 ‘ipra
1348 802 1451 879 αὔτη-ς,
1475 795 1573 881 regio

241 911 286 977 ad
301 911 422 976 urbem
440 911 635 1000 pertineus;
656 912 787 1000 pariter
801 909 998 976 liberantur
1014 931 1035 974 a
1055 905 1186 972 tributo
1204 915 1232 972 at
1248 909 1429 972 &satenrani
1449 903 1484 969 τὰ
1500 909 1572 985 τέλη

241 1017 394 1083 decimae
409 1038 495 1106 quas
513 1016 587 1083 scil.
609 1016 803 1083 sacerdotes
817 1022 851 1082 et
867 1014 992 1082 levitae
1016 1012 1182 1103 apopulo
1197 1009 1426 1100 accipiebant;
1444 1011 1480 1076 τὰ
1499 1015 1572 1090 τέλη

241 1124 370 1189 tributa
385 1121 460 1190 scil.
477 1145 619 1212 eaquae
632 1124 737 1190 variis
758 1121 996 1189 occasionibus
1016 1119 1102 1188 solvi
1121 1117 1308 1199 debebant;
1323 1115 1371 1182 ita
1390 1114 1574 1204 quotannis

242 1230 285 1296 ab
306 1251 518 1319 unoquoque
529 1229 728 1297 solvebatur
739 1228 935 1296 sanctuario
952 1226 1117 1294 dimidius
1131 1225 1249 1305 siclus;
1266 1221 1432 1312 pecuniae
1449 1221 1576 1310 quibus
1627 1308 1632 1315 -

242 1341 323 1402 vota
343 1335 617 1418 redimebantur,
641 1335 768 1425 quibus
789 1335 1017 1425 primogeniti
1031 1333 1133 1423 pueri
1153 1331 1386 1412 solvebantur,
1410 1326 1576 1395 animalia

243 1441 427 1508 immunda
442 1441 675 1530 primogenita
692 1441 968 1509 aestimabantur
987 1441 1078 1530 (Lev.
1096 1445 1216 1520 27,27;
1236 1441 1333 1504 Num.
1359 1435 1486 1522 18,15),
1509 1432 1577 1523 pri-

244 1547 362 1615 mitiae
384 1570 524 1637 quoque
542 1549 686 1634 frugum
710 1549 905 1618 offerendae
931 1554 1031 1614 erant
1056 1543 1293 1612 sacerdotibus
1315 1543 1428 1630 (Num.
1458 1546 1574 1625 18,11;

218 1697 220 1702 -
244 1659 340 1722 Dent.
364 1654 467 1743 18,t).
485 1653 536 1721 Ab
550 1655 644 1721 hisce
658 1653 766 1742 igitur
784 1676 882 1742 reges
897 1654 1003 1720 ctiam
1017 1652 1186 1720 tributum
1202 1649 1268 1717 sibi
1283 1648 1490 1716 solvendum
1505 1647 1576 1712 exi-

232 1761 390 1847 'gebant3
414 1783 534 1829 verum
553 1760 742 1829 Demetrius
762 1761 854 1830 illud
873 1761 1031 1829 remittit.
1050 1759 1158 1826 Etiam
1175 1757 1315 1824 maioris
1331 1753 1498 1822 momenti
1512 1759 1573 1834 est,

246 1867 341 1956 quod
353 1891 385 1934 v.
404 1875 446 1933 32
460 1889 595 1934 summo
610 1869 779 1935 sacerdoti
796 1908 840 1917 -
855 1890 982 1934 nomen
1000 1889 1072 1934 non
1086 1865 1289 1956 apponitur;
1306 1885 1375 1929 non
1387 1861 1463 1927 vult
1482 1865 1579 1927 lona-

246 1974 332 2040 than
351 1995 539 2059 agnoscere
555 1973 658 2040 talem
681 2012 725 2024 -
749 1974 905 2041 tradatur
922 1981 1073 2062 potestas
1096 1973 1184 2038 arcis
1204 1971 1241 2037 in
1265 1968 1460 2047 Ierusalem,
1483 1967 1580 2034 cuius

247 2079 373 2147 milites
387 2078 630 2169 praesidiarios
645 2081 801 2168 pontifex
818 2080 937 2167 eligat.
956 2085 1060 2146 Porro
1077 2078 1184 2166 gratis
1199 2078 1237 2143 in
1249 2077 1443 2144 libertatem
1461 2072 1578 2139 dimit-

247 2193 318 2254 tere
333 2186 407 2252 vult
422 2207 556 2252 omnem
570 2187 724 2252 animam
741 2185 948 2252 Iudaeorum
959 2187 1077 2276 (viros,
1090 2184 1264 2265 mulieres,
1279 2203 1417 2272 pucros,
1432 2177 1578 2270 puellas)

249 2315 339 2382 quae
355 2315 375 2359 a
399 2293 537 2380 regione
551 2292 690 2360 iudaica
709 2293 746 2359 in
760 2293 994 2382 captivitatem
1018 2291 1169 2359 abducta
1193 2291 1237 2356 sit
1256 2294 1298 2369 εἱς
1313 2297 1409 2356 πᾶσαν
1427 2294 1578 2368 βασιλείαν

251 2429 305 2484 μου
325 2399 362 2465 iu
382 2420 637 2488 quamcumque
653 2400 754 2486 regul
768 2405 922 2490 partem,
940 2407 990 2468 καὶ
1010 2404 1119 2478 πάντες
1135 2401 1296 2484 tatemer
1317 2403 1385 2474 τοὺς
1409 2401 1513 2480 φόρους
1529 2398 1580 2458 axi

248 2517 305 2574 τῶν
322 2517 436 2589 κτηνῶν
454 2512 600 2581 obturet
620 2528 737 2572 omnes
756 2506 958 2574 remittunto
974 2505 1022 2572 eis
1041 2503 1235 2591 vectigalia,
1258 2500 1362 2568 etiam
1376 2498 1580 2567 animalium

250 2634 384 2692 eorum,
411 2611 448 2678 id
481 2612 574 2702 quod
603 2613 764 2703 losephus
789 2613 937 2703 explicat
965 2636 973 2682 :
999 2621 1113 2682 κελεύω
1143 2620 1173 2680 δὲ
1202 2617 1275 2693 μηδὲ
1300 2612 1518 2695 ἀγγαρεύεσθαι
1545 2608 1582 2672 τὰ

255 2720 404 2787 'tentator
423 2730 566 2805 ὑποζύγια
580 2758 624 2769 -
643 2719 702 2786 alii
721 2719 829 2787 verba
843 2721 998 2787 referunt
1011 2719 1054 2786 ad
1069 2719 1264 2808 portitores,
1283 2735 1329 2781 nc
1351 2714 1425 2780 scil.
1449 2712 1582 2778 ludaeis

249 2824 441 2913 portorium
455 2825 647 2913 imponant.
665 2827 763 2892 Prior
777 2826 930 2914 acceptio
947 2849 987 2892 eo
1002 2822 1237 2892 commendari
1251 2827 1362 2912 potest
1377 2819 1475 2910 quod
1489 2815 1582 2909 apud

251 2934 333 2996 Lxx
349 2945 396 3015 nu
411 2929 569 2996 redditur
587 2937 675 3017 φέρτε,
697 2931 783 3018 (lud.
808 2938 899 3012 1,33.
923 2937 1041 3019 3ch.
1067 2937 1142 3014 t,6;
1163 2937 1255 3012 931.
1274 2935 1294 2993 2
1313 2931 1389 2994 Par.
1414 2927 1503 3013 8,8);
1520 2924 1581 2991 sed

252 3057 368 3100 omnes
384 3034 600 3114 remittente,
622 3037 685 3101 iste
709 3036 832 3102 modus
855 3036 1022 3126 loquendi
1045 3036 1155 3123 magis
1174 3033 1334 3121 congruit
1357 3031 1583 3123 portitoribus

253 3142 312 3230 qui
326 3140 508 3227 vectigalia
525 3163 551 3242 a¹
559 3143 820 3210 transeuntibus
839 3145 996 3230 exiguut;
1014 3142 1041 3209 si
1055 3142 1098 3209 de
1114 3143 1260 3229 angaria
1274 3147 1359 3208 esset
1374 3162 1500 3222 sermo,
1522 3161 1584 3228 po-

250 3249 320 3316 tius
333 3247 521 3317 dicendum
536 3254 630 3315 crat:
648 3249 767 3318 ludaei
782 3249 887 3317 liberi
905 3254 1006 3316 sunto
1019 3249 1064 3317 ab
1083 3249 1240 3336 angaria,
1261 3248 1315 3315 vel
1329 3269 1432 3314 nemo
1451 3246 1504 3313 ius
1520 3246 1583 3312 ha-

251 3356 332 3422 beto
345 3379 404 3423 eos
416 3355 576 3442 cogendi.
591 3356 731 3423 Accedit
742 3357 834 3446 quod
848 3357 1054 3446 insequenti
1068 3379 1169 3425 versu
1182 3362 1223 3423 tt
1239 3354 1396 3422 liberatio
1410 3352 1583 3442 quaedam

254 3463 496 3530 amuucribus
524 3484 584 3530 seu
614 3462 906 3551 praestationibus
932 3464 1114 3532 indicatur.
1142 3462 1217 3529 Dies
1247 3461 1338 3528 euim
1362 3461 1439 3528 festi
1466 3479 1586 3526 omnes

255 3567 424 3657 (sabbata,
442 3568 631 3651 novilunia,
647 3569 720 3637 dies
739 3570 783 3636 ad
798 3570 993 3638 vacandum
1009 3576 1076 3637 lico
1093 3569 1273 3656 designati)
1293 3573 1327 3635 et
1340 3575 1407 3634 tres
1420 3567 1492 3634 dies
1507 3571 1586 3632 anto

253 3676 380 3741 festum
395 3682 428 3741 et
442 3681 509 3742 tres
529 3675 601 3744 dies
617 3683 694 3765 post
708 3677 834 3743 festum
852 3681 955 3743 sunto
975 3698 1092 3744 omnes
1110 3687 1220 3764 ἡμέραν
1237 3679 1375 3754 ἀτελείας
1393 3681 1441 3742 καὶ
1455 3676 1586 3760 ἀφέσεως

255 3781 328 3849 dies
342 3782 571 3849 immunitatis
590 3783 634 3849 ab
654 3782 818 3873 operibus
839 3783 1066 3873 praestandis,
1084 3782 1157 3850 dics
1172 3780 1391 3860 remissionis,
1408 3781 1443 3846 in
1461 3779 1588 3872 quibus

255 3889 363 3974 igitur
380 3889 511 3955 ludaeis
525 3910 637 3978 neque
659 3911 744 3978 opus
763 3911 821 3956 seu
837 3890 985 3975 angaria
999 3889 1168 3979 quaedam
1184 3910 1247 3955 nce
1265 3887 1391 3954 solutio
1409 3883 1588 3973 vectigalis

257 3994 469 4081 imponatur.
495 3999 573 4061 Tres
592 3994 664 4062 dies
684 3997 852 4081 assignari
867 3996 1028 4063 videntur
1052 4019 1115 4087 pro
1132 3996 1254 4063 itincre
1279 3993 1323 4061 ad
1338 3995 1424 4060 testa
1439 3993 1501 4060 illa
1521 3991 1589 4058 tria

258 4099 315 4187 tet.
333 4103 390 4164 Ex.
409 4107 528 4181 aa,17;
547 4107 659 4182 3t,23.
679 4106 790 4167 erar.
809 4103 902 4191 8,13)
920 4109 954 4170 ct
972 4126 1035 4192 pro
1050 4102 1177 4170 reditu.
1195 4105 1233 4168 Et
1250 4102 1336 4168 haec
1353 4099 1589 4166 conceduntur

256 4203 417 4272 omnibus
432 4205 565 4272 ludaeis
580 4206 640 4295 qai
653 4219 735 4274 saint
749 4207 786 4274 in
799 4232 905 4299 raquo
921 4233 1007 4293 oceo,
1022 4231 1105 4296 ergo
1120 4209 1224 4276 etiam
1237 4215 1330 4275 cntra
1345 4207 1585 4273 Palaestinam.

258 4311 381 4378 lisdem
402 4312 523 4379 diebus
538 4334 640 4380 nemo
653 4314 798 4381 habebit
812 4323 1013 4405 potestatem
1032 4337 1239 4407 quemquam
1253 4315 1289 4380 in
1302 4315 1355 4382 ius
1377 4311 1521 4380 vocandi
1535 4311 1590 4376 vel

258 4419 302 4486 ab
315 4441 355 4486 eo
375 4419 534 4507 exigendi
548 4420 752 4488 solutionem
769 4423 825 4490 vel
848 4422 880 4489 ei
894 4423 1088 4490 molestiam
1110 4421 1250 4489 creandi
1270 4421 1314 4488 ob
1336 4440 1590 4508 quamcumque

259 4547 398 4594 causam
416 4550 447 4594 v.
466 4534 520 4595 35.
538 4532 627 4594 llaec
647 4529 762 4618 itaque
781 4537 873 4610 sunt,
892 4552 981 4618 quae
1002 4529 1227 4616 designantur
1241 4529 1276 4594 iu
1296 4552 1329 4594 v.
1350 4533 1418 4593 28:
1440 4530 1589 4614 ἀφήσομεν

260 4643 327 4715 ὑμῖν
344 4637 477 4719 ἁφέματα
492 4640 604 4703 πολλά.
623 4640 692 4701 lam
706 4643 896 4724 sequuntur
909 4659 1078 4725 quaenam
1095 4635 1186 4702 dona
1198 4635 1318 4722 largiri
1334 4634 1415 4700 vclit
1434 4655 1441 4699 :
1460 4635 1590 4715 δώσομεν

261 4768 326 4820 epar
344 4747 468 4822 ttpaza.
