3625 5367
715 362 743 417 l.
768 375 861 419 usca.
886 361 1027 434 sao-at„
1496 361 1535 422 85

245 510 284 572 Ut
299 527 439 572 suornm
460 505 624 573 fiduciam
639 512 766 594 augeat
784 507 894 597 iisque
911 510 1065 577 animum
1077 509 1200 593 addat,
1221 515 1301 599 apte
1316 517 1430 577 monet
1444 534 1475 578 v.
1493 518 1535 578 20

205 613 262 700 agi
276 611 419 701 quidem
435 612 529 678 de‘re
545 634 701 693 summa;
723 620 758 680 at
771 614 874 680 etiam
887 614 1176 690 considerandum
1193 638 1263 683 esse
1279 639 1383 706 quam
1398 616 1534 684 divorso

202 718 306 785 modo
323 718 459 807 utrique
475 741 511 785 se
526 718 689 800 habeant,
708 720 737 786 si
759 721 911 787 rationes
936 721 1074 788 divinae
1094 728 1293 813 spectantur
1314 743 1323 811 ς
1346 723 1458 790 hostes
1478 747 1534 790 ve-

202 825 302 891 niunt
322 832 352 892 ἑν
368 833 479 908 πλήθει
495 832 607 914 ‘tapete
627 827 661 893 in
680 848 816 894 summa
829 829 1031 915 arrogantia
1046 837 1094 896 καὶ
1113 832 1238 916 ἀνομίοκς
1254 835 1286 895 et
1306 829 1488 919 iniquitate
1501 835 1534 897 et

200 930 368 999 iniustitia
382 949 433 1000 τοῦ
446 936 549 1020 ἐξᾶραι
558 938 598 1000 ut
606 955 667 1000 nos
683 934 820 1000 deleant
831 941 868 1001 et
878 956 999 1001 uxores
1014 935 1141 1002 etfilios
1158 943 1192 1001 et
1209 941 1342 1002 nostras
1353 936 1533 1024 possessio-

199 1059 260 1103 nes
274 1038 515 1128 rapiant—ea
530 1062 609 1105 vero
622 1045 738 1106 mente
749 1039 860 1129 iisque
871 1040 1104 1108 consiliissese
1123 1029 1286 1108 exhibent
1301 1046 1368 1108 Deo
1385 1043 1531 1110 maxime

199 1143 358 1211 inimicos
370 1151 404 1211 et
416 1167 544 1213 exosos.
562 1151 627 1212 Nos
645 1167 740 1227 veru,
755 1146 905 1237 populus
925 1148 980 1213 llei
1002 1146 1125 1228 fidelis,
1148 1170 1180 1214 v.
1202 1154 1243 1214 21
1262 1169 1358 1214 arma
1377 1148 1531 1236 capimus

198 1272 262 1340 pro
276 1273 312 1317 re
325 1256 392 1318 Deo
408 1252 602 1338 gratissima
617 1273 624 1319 :
642 1275 706 1343 pro
720 1258 839 1320 nostra
857 1253 927 1320 vita
942 1257 976 1319 et
989 1276 1054 1343 pro
1068 1253 1172 1320 sacris
1186 1255 1244 1320 Dei
1256 1252 1402 1340 legibus.
1422 1258 1530 1330 Quare

197 1359 304 1424 exitus
322 1357 442 1448 nequit
465 1381 537 1426 esse
560 1358 687 1426 dubius
710 1382 741 1425 v.
770 1365 838 1427 22:
861 1359 937 1451 ipse
964 1365 1052 1440 αὐτὸς
1078 1361 1226 1450 (graece,
1251 1360 1279 1450 s)
1297 1361 1458 1427 Dominus
1480 1361 1528 1450 (S,

198 1468 312 1552 Κύριος
334 1471 386 1532 19.
405 1471 462 1532 93.
479 1465 535 1554 6'4)
553 1477 702 1533 conteret
713 1488 778 1547 eoa,
797 1475 957 1555 ουντρίεειν
974 1468 1011 1532 in
1027 1473 1144 1534 nostro
1161 1465 1249 1533 libro
1264 1465 1451 1533 adhibetur
1465 1466 1530 1532 fre·

198 1577 346 1659 quenter
360 1571 403 1638 de
416 1571 514 1639 clade
531 1573 686 1640 hostibus
705 1572 803 1642 illata
818 1596 851 1639 v.
869 1579 929 1655 233
954 1579 986 1655 l,
1005 1580 1058 1640 10.
1077 1581 1129 1642 lt.
1148 1579 1202 1640 30.
1218 1580 1277 1655 36;
1297 1579 1367 1656 5,7.
1387 1579 1441 1638 al.
1466 1579 1527 1654 l33

196 1681 276 1758 7,υὲ
291 1682 371 1758 etc.;
389 1701 496 1767 quare
519 1699 602 1746 :vos
623 1692 742 1746 autem
756 1703 799 1745 ne
822 1679 1007 1746 timueritis
1030 1680 1240 1746 conanimis
1258 1679 1375 1768 itaque
1397 1680 1464 1746 lide
1490 1701 1529 1745 ac

194 1805 254 1873 spe
264 1785 464 1852 confortatis
478 1785 521 1852 de
541 1793 683 1874 repente
700 1787 810 1852 hostes
825 1786 971 1884 aggredi
990 1787 1102 1880 iussit;
1121 1793 1248 1868 ἐνήλατο
1268 1795 1347 1874 ἄφνω
1360 1785 1398 1851 in
1413 1783 1528 1852 hostes

195 1891 383 1980 imparatos
401 1891 473 1959 acie
491 1893 649 1959 nondum
662 1891 830 1960 instructa
849 1915 889 1958 ex
902 1893 1081 1982 inopinato
1102 1892 1244 1960 irruisse
1265 1893 1435 1971 videntur,
1458 1899 1527 1980 quo

193 1997 326 2085 impetu
343 1996 529 2087 improviso
544 2000 842 2068 conturbationem
862 2021 901 2066 ac
917 2005 1084 2068 terrorem
1099 1998 1141 2066 iis
1161 1998 1379 2083 iniiciebant;
1399 2011 1432 2065 et
1447 2021 1527 2064 con-

194 2101 295 2169 tritus
307 2114 358 2170 est
374 2105 528 2187 Seron‚S
548 2111 582 2171 et
596 2105 720 2173 cecidit
733 2110 851 2187 Seron,
868 2119 903 2174 et
916 2107 1085 2174 exercitus
1102 2105 1175 2173 eiras
1195 2106 1219 2172 i.
1237 2129 1267 2174 e.
1285 2105 1409 2172 devicti
1429 2110 1523 2182 sunt3

192 2210 353 2299 Iosephus
369 2231 377 2278 :
395 2216 566 2300 prostrato
582 2212 667 2279 duce
682 2211 836 2302 (πεσόντος
852 2230 904 2282 τοῦ
925 2214 1120 2302 στρατηγοῦ),
1136 2212 1288 2279 universi
1303 2234 1337 2279 se
1355 2212 1392 2278 in
1406 2211 1525 2298 lugam

193 2314 379 2384 coniiciunt
394 2318 431 2406 (l.
449 2316 514 2406 c.);
531 2323 567 2385 at
590 2341 631 2386 ex
644 2322 738 2388 textu
769 2342 839 2387 non
862 2322 1018 2410 sequitur
1035 2325 1202 2398 Seronem
1217 2341 1287 2386 esse
1309 2319 1473 2400 occisum3
1492 2325 1526 2385 et

192 2447 224 2488 v.
236 2428 278 2488 il
288 2436 489 2513 persecutus
502 2437 551 2493 est
566 2448 655 2507 eccm,
673 2432 722 2494 καὶ
735 2434 858 2495 ἐδίωκον
871 2426 919 2515 (S,
936 2429 965 2514 s)
979 2433 1066 2495 οὔτὀν
1077 2426 1117 2515 (s,
1133 2426 1229 2515 vulg)
1241 2433 1346 2505 αὖτοὺς
1361 2425 1406 2514 (S,
1420 2431 1458 2508 Α,
1476 2423 1521 2491 al.

193 2529 354 2620 minusc.)
376 2531 449 2598 scil.
476 2532 599 2599 ducem
630 2532 770 2622 eiusque
800 2533 986 2600 exercitum
1016 2533 1053 2598 in
1077 2532 1245 2598 descenstt'
1264 2531 1445 2610 Bethoron,
1468 2553 1524 2596 eos

191 2639 309 2725 itaque
329 2659 511 2724 aggressus
537 2645 586 2706 ast
608 2638 719 2712 ludas.
744 2638 953 2728 simulatque
981 2639 1205 2707 ascenderant
1231 2638 1378 2720 aditum,
1403 2659 1524 2704 ascen-

191 2764 280 2824 sum,
296 2748 330 2810 et
349 2767 412 2833 per
425 2744 626 2812 descensum
644 2767 701 2811 eos
716 2745 840 2812 deiecit
853 2767 1061 2835 persequens
1077 2745 1235 2834 usquein
1250 2744 1445 2834 planitiem3
1461 2765 1524 2833 per

190 2849 338 2917 eundem
359 2850 560 2919 descensum
586 2852 666 2918 olim
694 2851 819 2919 deiecit
839 2857 935 2920 losue
954 2853 1108 2942 quinque
1132 2852 1270 2939 regulos
1296 2851 1522 2918 Amorrhaeo-

190 2977 267 3022 rum
299 2957 681 3046 (los,10,11);iisdcm
708 2958 867 3027 faucibus
895 2964 1014 3049 postea
1043 2959 1169 3026 Cestius
1198 2958 1313 3025 Gallus
1339 2957 1522 3048 proconsul

190 3062 344 3131 devictus
365 3070 415 3131 est
430 3065 524 3152 (Bell.
538 3065 611 3131 iud.
629 3066 773 3155 2,19‚8).
791 3071 960 3134 Numerus
979 3065 1170 3132 occisorum
1191 3071 1232 3146 οἷς
1253 3073 1441 3146 ὀκτακοσίους
1458 3065 1521 3130 cir-

189 3168 275 3235 citer
305 3171 582 3258 octingentorum
612 3177 808 3262 reputatum
841 3177 960 3251 Senon,
994 3195 1072 3239 cum
1097 3173 1170 3239 eius
1195 3171 1324 3238 mentio
1351 3193 1420 3237 non
1447 3171 1519 3254 fiat,

188 3276 286 3343 vivus
305 3277 449 3344 evasisse
465 3279 657 3345 censendus
671 3284 735 3360 est,
750 3284 873 3345 etcum
890 3276 1035 3368 reliquis
1048 3277 1173 3364 fugisse
1192 3278 1230 3343 in
1247 3276 1424 3362 regionem
1442 3277 1520 3342 Phi-

189 3381 424 3450 listhaeorum.

234 3489 367 3579 Duplici
393 3489 458 3557 hac
482 3490 626 3559 victoria
655 3491 874 3578 alienigenae
894 3490 934 3558 in
961 3491 1087 3558 Iudaea
1111 3496 1242 3559 terrore
1268 3489 1421 3580 percussi
1440 3496 1519 3557 sunt

187 3615 219 3660 v.
246 3601 307 3678 253
329 3601 363 3662 et
385 3595 479 3664 fama
499 3599 602 3664 ludae
623 3597 770 3686 (eorum,
792 3598 821 3686 s)
842 3597 1001 3687 pervenit
1020 3619 1129 3686 usque
1153 3596 1198 3664 ad
1219 3618 1338 3683 regem
1362 3601 1396 3662 et
1424 3602 1516 3663 extra

189 3701 347 3768 ludacam
365 3725 500 3793 quoque
527 3705 651 3770 notitia
678 3705 889 3794 praeliorum
912 3705 986 3770 eius
1009 3708 1201 3793 propagata
1219 3708 1269 3768 est
1293 3701 1385 3791 apud
1406 3704 1518 3770 varias

188 3805 296 3875 tribus
315 3831 349 3876 v.
370 3815 426 3877 26.
448 3815 469 3877 S
490 3816 554 3877 set
573 3811 616 3877 de
636 3811 738 3878 rebus
760 3810 865 3898 gestis
886 3810 1002 3891 ludae,
1026 3833 1065 3876 ao
1085 3810 1114 3877 si
1132 3809 1293 3898 legissent
1312 3812 1460 3898 πράξεων,
1484 3815 1518 3875 at

185 3919 353 4001 παράταξις
368 3915 458 3983 acies
474 3916 653 4006 disposita,
672 3939 802 4006 pugna.

446 4145 474 4202 3.
496 4141 658 4201 *intactus
672 4142 781 4221 Lysiae
794 4141 917 4202 maculat
930 4141 963 4236 oie
977 4139 1097 4202 Iudaeis
1119 4117 1251 4217 337337.

220 4328 293 4389 3,ss
312 4331 565 4382 etauctoritatem
581 4346 628 4381 reo
639 4334 791 4398 ‘Antiochus
877 4331 961 4402 337.
979 4327 1026 4396 Ὡς
1046 4327 1073 4387 δὲ
1088 4328 1201 4400 ἤκουσεν
1215 4326 1346 4407 Ἀντίοχος
1363 4333 1377 4386 ὁ
1393 4330 1515 4406 βασιλεὺς

185 4431 315 4468 sermones
346 4419 422 4484 istos,
451 4421 540 4470 iratus
572 4427 610 4470 est
641 4422 732 4470 auimo
767 4429 791 4470 ct
837 4415 894 4483 τοὺς
914 4415 1005 4495 λόγους
1024 4417 1140 4486 τούτους,
1156 4416 1273 4495 ὠργίσθη
1290 4419 1364 4496 θυμῷ
1383 4417 1428 4474 καὶ
1449 4417 1514 4474 oiri·

185 4507 257 4555 inicit
271 4515 295 4556 et
313 4510 486 4572 conprcpooit
506 4511 649 4560 exercitum
669 4511 791 4561 etnioerst'
837 4507 925 4565 atriis
939 4506 984 4563 καὶ
1006 4505 1140 4584 συνήγαγε
1154 4505 1201 4570 τὰς
1222 4505 1345 4578 δυνάμεις
1368 4504 1456 4570 πάσας
1470 4508 1516 4574 τῆς

184 4597 335 4657 renotari,
357 4605 447 4649 castro
466 4599 552 4664 fortio
574 4598 670 4658 oalde,·
696 4599 741 4652 28.
767 4607 791 4649 ct
838 4595 974 4672 βασιλείας
986 4595 1079 4671 αὐτοῦ,
1090 4591 1262 4672 παρεμὸολὴυ
1278 4591 1389 4671 ἰσχυρὰν
1400 4594 1513 4672 σφόδρα,

183 4686 292 4746 operuit
311 4688 449 4736 aerarium
463 4703 540 4739 crtum
559 4695 584 4738 ct
602 4689 675 4738 dedit
690 4692 790 4754 stipere·
837 4685 886 4742 28.
913 4683 958 4742 καὶ
983 4681 1068 4754 ἤνοιξε
1095 4679 1125 4739 τὸ
1152 4681 1344 4762 γαζοφυλάκιον
1369 4682 1448 4740 αὐτοῦ
1469 4682 1515 4740 καὶ

183 4771 231 4820 (llo
254 4775 383 4825 exercitui
408 4777 439 4825 in
464 4792 575 4839 onorem,
603 4787 626 4828 et
650 4780 789 4830 mondavit
838 4772 933 4830 ἔδωκεν
948 4771 1047 4852 ὀψώνια
1060 4769 1118 4838 ταῖς
1132 4769 1272 4846 δυνάμεσιν
1285 4771 1367 4829 αὐτοῦ
1382 4773 1416 4839 εἰς
1432 4773 1516 4831 ἐνιαυ-
