3625 5367
209 402 215 411 .
263 320 303 377 66
788 315 816 372 1.
842 330 936 373 usca,
961 312 1075 384 atr-ll.

262 488 358 548 rum3
373 464 537 555 templum
550 464 624 529 eins
635 462 789 529 irrisioni
799 462 950 529 habetur
963 467 997 529 et
1007 462 1194 551 despicitur
1204 461 1296 529 sient
1305 461 1406 529 bomo
1418 464 1600 553 ipnobilis,·

264 573 325 642 alii
346 572 508 662 supplent
531 590 538 636 :
562 570 650 637 sicut
674 569 796 635 domus
818 568 885 636 viri
907 568 1074 655 ignobilis
1096 568 1149 656 (K.
1175 568 1236 635 Gr.
1262 570 1355 658 Ks.);
1380 576 1407 635 Α
1429 577 1462 636 et
1484 571 1601 660 plures

264 681 411 747 minusc.
436 678 604 768 praebent
629 682 760 759 ἕνδεξες,
785 678 866 741 ilem
891 679 927 757 S;
953 681 1027 742 erat
1048 675 1216 762 templum
1239 675 1311 741 eius
1334 675 1416 742 olim
1440 677 1528 744 sicut
1550 678 1602 744 vir

263 785 407 863 nobilis;
427 808 442 851 s
462 783 628 873 templum
649 784 738 849 sicut
758 783 870 848 virum
891 781 1044 849 nobilem
1066 780 1275 870 spoliarunt,
1300 781 1462 867 legerunt
1482 784 1599 873 itaque

265 1000 400 1067 efficere
415 1018 564 1065 sensum.
580 1002 625 1063 Dc
640 995 729 1063 vasis
744 994 898 1084 abreptis
914 995 991 1081 lege
1010 1000 1088 1070 123
1099 1016 1107 1075 ;
1120 999 1140 1060 S
1152 1016 1167 1059 s
1181 993 1281 1060 ibent
1295 996 1332 1060 in
1348 995 1595 1084 captivitatem.

265 1110 301 1172 ln
317 1106 427 1171 altero
443 1104 590 1170 disticho
605 1102 750 1169 defletur
765 1101 950 1168 trucidatio
960 1101 1183 1190 parvulorum
1193 1100 1231 1166 in
1246 1101 1329 1167 locis
1342 1101 1488 1189 publicis
1503 1103 1512 1191 ζ
1517 1102 1600 1190 vulg

264 1212 372 1300 senes)
385 1217 419 1278 et
434 1210 557 1278 occisio
571 1211 733 1277 iuvenum
748 1207 867 1295 gladio
882 1206 1031 1286 inimiri;
1049 1208 1092 1273 cf.
1110 1213 1201 1287 1,63.
1218 1212 1271 1273 aa.
1288 1212 1324 1272 ln
1340 1207 1440 1274 tertio
1453 1208 1597 1275 disticho

265 1319 405 1386 effertur
434 1338 513 1384 cum
548 1337 673 1401 magna
704 1313 965 1401 indignatione,
1005 1312 1098 1401 quod
1131 1313 1217 1379 haee
1245 1314 1401 1398 gentium
1433 1315 1596 1383 colluvies

264 1446 411 1512 regnum
424 1421 545 1513 populi
562 1422 619 1488 Dei
637 1420 799 1487 invaserit
815 1425 848 1487 et
862 1420 969 1508 spolia
983 1419 1187 1507 abripuerit.
1203 1424 1286 1487 Nam
1302 1420 1337 1485 in
1353 1421 1503 1488 exercitu
1518 1443 1597 1510 syro

265 1529 461 1597 militabant
477 1552 517 1595 ex
537 1527 698 1614 gentibus
717 1525 837 1593 vicinis
854 1526 913 1616 (el.
935 1533 955 1591 Ξ
975 1526 1081 1592 llach.
1102 1524 1188 1613 8,9),
1209 1549 1250 1592 ex
1266 1526 1495 1610 PhilisthaeiS,
1513 1528 1596 1595 Edo-

265 1637 369 1717 mitis,
388 1634 570 1714 arabibus,
587 1633 752 1715 lloabitis,
765 1632 982 1713 Ammonitis,
999 1632 1232 1713 samaritanis,
1250 1633 1428 1700 Chaldaeis
1443 1634 1499 1723 (cl.
1515 1639 1594 1725 Lap.

264 1748 318 1811 Gr.
342 1743 411 1831 ll.);
429 1743 473 1809 ab
488 1740 563 1808 istis
577 1740 699 1808 urbem
715 1744 868 1807 sanctam
883 1737 1093 1822 conculcari,
1111 1738 1277 1827 populum
1293 1738 1430 1806 fidelem
1445 1739 1597 1807 divexari

263 1872 332 1916 non
349 1854 483 1939 poterat
497 1870 566 1915 non
583 1868 653 1914 esse
669 1867 804 1913 summo
820 1846 981 1912 moerori.

307 1960 348 2021 Et
359 1976 462 2043 quam
478 1954 567 2020 male
582 1954 705 2020 urbem
724 1958 878 2019 sanctam
894 1952 1130 2033 tractaverint,
1146 1951 1436 2034 conculcaverint,
1458 1954 1597 2021 effertur

265 2084 390 2149 magno
404 2082 483 2127 cum
497 2058 618 2125 dolore
630 2058 664 2124 in
679 2057 825 2124 disticho
840 2063 966 2147 quarto
981 2066 1015 2124 ct
1027 2058 1148 2147 quinto
1163 2077 1170 2124 :
1183 2058 1294 2125 omnis
1305 2066 1456 2134 ornatus,
1471 2067 1594 2145 κόσμος,

263 2166 436 2257 splendor,
454 2165 618 2252 dignitas,
638 2164 797 2231 maiestas
817 2164 892 2231 eius
913 2164 1028 2231 ablata
1047 2170 1114 2246 est;
1135 2186 1153 2230 e
1174 2164 1372 2231 conditione
1391 2165 1547 2252 ingenua
1564 2173 1597 2233 et

263 2274 372 2341 libera
390 2274 427 2340 iu
444 2272 545 2339 vilem
567 2271 765 2339 servitutem
788 2276 838 2336 est
856 2270 1008 2337 redacta.
1028 2274 1120 2348 Quae
1141 2270 1286 2338 servitus
1307 2293 1348 2337 eo
1368 2271 1527 2339 acerbior
1545 2280 1595 2339 est

263 2379 347 2469 quia
364 2378 433 2445 illis
454 2400 523 2445 non
545 2378 657 2445 solum
677 2375 819 2466 politice
839 2376 982 2443 libertas
1002 2382 1052 2443 eat
1072 2376 1203 2458 ablata,
1224 2378 1284 2444 sed
1306 2377 1468 2464 religiosa
1493 2380 1595 2446 etiam

264 2508 373 2575 eaque
389 2486 667 2574 quammaxime,
684 2505 753 2573 qua
768 2489 886 2550 tamen
903 2483 966 2550 sub
985 2484 1107 2565 Persis,
1122 2483 1316 2550 Alexandro
1331 2488 1463 2570 llagno,
1483 2486 1596 2552 Ptole-

264 2592 386 2673 maeis,
417 2590 599 2660 Seleucidis
621 2612 771 2679 eousque
792 2591 861 2657 lrui
886 2590 992 2656 licuit.
1021 2596 1261 2678 Quaecumque
1278 2595 1410 2674 sancta,
1433 2591 1594 2682 pulchra,

264 2700 450 2786 magnifice
470 2698 512 2765 iis
536 2704 652 2778 erent,
676 2696 753 2764 dira
776 2696 963 2763 vastatione
987 2701 1157 2785 prostrata
1180 2696 1309 2779 iacent3
1333 2704 1453 2783 gentes
1474 2703 1596 2765 cuncta

264 2806 501 2895 profanarum,
522 2803 814 2870 contaminarunt.
837 2806 920 2869 Cum
940 2802 1058 2892 itaque
1077 2802 1293 2871 sanctissima
1309 2825 1467 2893 quaeque
1485 2828 1524 2871 ac
1539 2828 1596 2873 ea-

263 2911 399 2978 rissima
418 2908 618 2976 conculcata
639 2915 674 2974 et
696 2907 811 2974 deleta
833 2917 865 2974 et
889 2907 1006 2974 ablata
1029 2908 1109 2989 sint,
1133 2908 1232 2998 quasi
1255 2908 1540 2999 desperabundus
1563 2918 1596 2979 et

262 3016 378 3085 taedio
398 3015 487 3082 vitae
507 3035 690 3104 oppressus
709 3013 876 3080 exclamat
898 3012 975 3102 pius
999 3014 1157 3081 sacerdos
1179 3035 1187 3081 ε
1210 3015 1257 3082 ad
1276 3015 1363 3105 quid
1383 3015 1498 3084 adhuc
1526 3018 1596 3085 vita

263 3123 362 3190 nobis
380 3121 539 3211 prodest?
558 3121 714 3188 Dolorem
735 3126 849 3187 autem
866 3120 998 3187 luctum
1016 3119 1237 3188 manifestant
1251 3122 1365 3189 scissis
1386 3123 1596 3190 vestimentis

264 3232 320 3319 (ci.
344 3234 440 3313 3,tr;
461 3232 557 3312 t,³n;
580 3232 658 3311 5,1t
676 3227 771 3313 etc),
791 3233 825 3293 et
841 3226 1025 3294 induentes
1039 3249 1074 3295 se
1093 3227 1211 3309 saccis,
1226 3228 1347 3295 ciliciis
1368 3229 1392 3294 i.
1415 3251 1445 3296 e.
1469 3230 1595 3297 tunicis

261 3337 345 3404 atris
360 3340 393 3403 et
415 3335 579 3402 contextis
599 3357 616 3401 e
639 3333 707 3400 filis
726 3333 857 3417 crassis
878 3355 971 3422 quae
991 3334 1082 3414 sacci
1101 3334 1210 3402 instar
1234 3333 1422 3401 haerebant
1442 3336 1591 3425 corpori.

263 3442 356 3509 llodo
369 3442 478 3528 igitur
492 3448 657 3509 consueto
671 3445 705 3507 et
719 3440 849 3507 luctum
866 3447 899 3507 et
913 3440 1165 3530 poenitentiam
1181 3440 1368 3508 declarant.

302 3656 346 3717 lle
362 3655 533 3717 Mathathia
547 3654 633 3716 nulla
648 3656 682 3715 lit
698 3655 820 3715 mentio
833 3654 868 3713 in
880 3654 981 3713 altero
993 3654 1088 3715 libro.
1103 3652 1199 3732 Apud
1215 3654 1385 3733 losephuni
1404 3654 1594 3717 Mathathias

262 3760 391 3817 vocatur
406 3754 491 3814 filius
508 3756 711 3815 Asamonaen
728 3750 818 3831 (Bell.
840 3752 952 3830 1,1‚3);
972 3751 1052 3812 alias
1067 3754 1108 3812 ll.
1128 3750 1182 3818 υἱὸς
1195 3750 1322 3812 Ἰωάννου
1337 3756 1382 3811 τοῦ
1397 3754 1539 3829 Συμεῶνος
1549 3758 1595 3813 τοῦ

262 3850 456 3928 Ἀσαμωναίου.
475 3854 608 3911 loannes
629 3853 807 3929 llyrcanus,
825 3849 922 3911 etiam
938 3849 1041 3927 magis
1062 3850 1118 3909 sslii
1135 3850 1206 3911 eius
1224 3850 1342 3911 multos
1360 3850 1523 3912 habebant
1538 3852 1596 3912 ad·

263 3952 420 4010 versarios
431 3966 607 4025 eorumque
621 3948 671 4007 ius
686 3947 723 4006 ad
736 3946 959 4024 pontificatum
969 3964 1097 4025 semper
1107 3948 1139 4007 iu
1150 3948 1399 4009 controversiam
1410 3950 1593 4010 vocabatur.
1664 3953 1668 3958 ’

303 4049 346 4105 Ex
361 4048 446 4105 hisce
468 4046 563 4105 insert
577 4042 669 4105 Niese
684 4060 905 4122 quaecumque
919 4044 1024 4121 capite
1038 4043 1101 4105 hoc
1119 4045 1259 4105 secundo
1275 4045 1314 4106 de
1330 4045 1503 4106 llathathia
1521 4064 1595 4107 nar·

263 4148 373 4205 rentur
386 4160 423 4203 ao
437 4142 570 4203 consilio
587 4158 656 4203 esse
669 4142 803 4203 conficta
818 4140 1036 4221 (tendenziose
1052 4142 1274 4221 Erdichtung)‚
1286 4147 1322 4203 ut
1337 4144 1462 4205 Simoni
1479 4148 1510 4204 et
1520 4144 1595 4203 liliis

264 4240 331 4301 eius
347 4240 395 4301 lus
411 4240 598 4300 hereditatis
612 4240 709 4301 asseri
727 4242 844 4317 posset.
861 4242 985 4300 Nomen
1002 4239 1188 4300 asamonaei
1203 4257 1272 4301 esse
1288 4240 1464 4315 omissum;
1481 4243 1596 4320 proba·

264 4339 369 4401 biliter
382 4337 562 4399 dubitatum
581 4355 650 4399 esse
666 4338 706 4399 de
724 4337 794 4399 eius
810 4336 934 4415 origine
955 4336 1143 4398 sacerdotali
1159 4338 1209 4398 vel
1224 4338 1264 4397 ob
1285 4340 1507 4418 genealogiam
1525 4340 1595 4399 eius

262 4436 416 4497 nonsatis
436 4454 551 4515 puram
572 4436 648 4513 lingi
663 4434 883 4514 genealogiam
899 4452 918 4493 a
932 4434 1034 4494 Ioarib
1053 4441 1154 4495 ortam
1172 4453 1307 4513 eamque
1325 4436 1498 4514 gloriosam
1514 4436 1548 4515 ll.
1565 4454 1592 4497 c.

262 4551 293 4611 p.
312 4538 350 4594 ll
369 4533 462 4614 seq.).
484 4535 556 4596 Eius
571 4534 617 4595 rei
637 4535 866 4608 argumentum
881 4531 973 4592 allert
994 4532 1099 4604 blase,
1115 4532 1191 4610 quia
1208 4534 1242 4594 in
1261 4534 1360 4594 altero
1384 4534 1465 4595 libro
1487 4534 1593 4595 nullus

262 4630 394 4693 omnino
409 4634 500 4694 locus
514 4630 705 4709 relinquitur
724 4646 781 4709 pro
802 4628 992 4702 Mathalhia3
1009 4631 1046 4689 ab
1062 4631 1156 4691 initio
1171 4631 1258 4692 euim
1277 4632 1388 4693 ludam
1403 4650 1442 4694 eo
1458 4649 1592 4693 munere

262 4728 351 4807 iungi
364 4730 448 4807 quod
461 4730 493 4790 in
508 4728 612 4807 priore
628 4728 711 4789 libro
728 4724 919 4788 Mathathiae
932 4727 1137 4789 attribuatur.
