3625 5367
288 355 328 412 84
802 353 829 410 l.
855 369 949 412 unca.
974 352 1108 425 3,13-19.

288 507 482 593 Apparatus
496 504 560 569 iste
583 501 727 570 bellicus
749 501 858 568 latere
875 521 948 567 non
969 498 1090 590 potuit.
1106 505 1153 566 Eo
1175 499 1337 568 incitatus
1360 504 1411 567 est
1434 501 1543 567 Seron
1563 501 1619 590 (ou

290 611 395 696 llpov;
414 609 496 675 item
516 613 553 690 S;
571 609 632 676 sed
651 631 667 675 s
687 613 809 689 Seron,
828 608 875 674 uti
897 607 1025 697 reliqui
1047 611 1149 673 testes
1170 607 1301 692 omnes)
1319 617 1333 675 t
1350 615 1450 695 ἅρχων
1463 626 1517 692 τῆς
1534 613 1621 676 δυνά-

270 716 368 799 “μεως
391 719 514 804 Συρίας,
539 716 655 804 itaque
678 715 746 783 dux
779 736 840 782 seu
863 713 1026 803 princeps
1050 713 1232 802 copiarum
1252 713 1436 800 syriarum,
1459 715 1620 804 Iosephus

186 897 192 908 .
287 843 367 888 eum
383 828 483 889 vocat
497 840 551 905 τῆς
569 830 676 905 restim
694 825 808 909 Συρίας
826 826 1006 910 στρατηγόν,
1023 819 1237 910 praelectum
1258 818 1387 908 Syriae,
1401 819 1522 887 altiore
1541 842 1618 888 eum

286 926 456 1015 dignitate
475 934 509 995 et
530 928 703 1016 potentiae
723 927 854 994 donans
873 926 948 1016 (sed
964 949 1004 992 ex
1031 949 1099 1017 quo
1119 927 1261 1015 fontei).
1280 928 1336 993 Vir
1357 925 1564 994 describitur
1583 927 1622 994 in

286 1058 318 1101 v.
341 1041 381 1101 lt
397 1034 530 1121 gloriae
549 1033 695 1124 cupidus
714 1039 748 1101 et
766 1033 881 1101 laudis
899 1055 962 1123 per
976 1037 1085 1100 toturn
1110 1053 1257 1119 regnum
1271 1031 1497 1100 celebrandae
1510 1056 1618 1124 appe—

259 1150 263 1154 ’
284 1141 504 1224 tentissimus,
522 1142 583 1230 qui
605 1139 737 1222 ludam,
755 1141 871 1231 copias
892 1139 977 1222 eius,
992 1161 1112 1206 omnes
1126 1139 1188 1228 qui
1206 1139 1408 1207 mandatum
1427 1139 1520 1227 regis
1537 1162 1619 1207 con-

285 1252 497 1337 tempserunt
510 1246 606 1314 bello
626 1246 790 1334 subigere
811 1247 875 1313 sibi
897 1249 1186 1338 proponatssnm
1206 1245 1278 1313 eius
1293 1251 1414 1313 contra
1428 1246 1548 1313 ludam
1562 1269 1618 1314 or-

285 1353 413 1444 peditio
426 1357 591 1442 sequatur
606 1359 683 1443 post
696 1352 851 1442 priorem
867 1351 963 1420 illam
984 1351 1171 1441 Apollonii,
1193 1352 1324 1420 dicitur
1338 1360 1387 1420 καὶ
1409 1363 1569 1442 epactae
1585 1360 1619 1420 et

283 1459 421 1542 adiecit,
437 1461 564 1527 iterum
582 1458 740 1527 ascendit
760 1459 819 1547 (cf.
836 1463 879 1540 83
896 1458 954 1526 sed
972 1481 987 1525 s
1006 1469 1228 1547 προςετέθησαν
1249 1460 1340 1527 aucti
1354 1463 1434 1526 sunt
1448 1465 1482 1526 et
1497 1481 1617 1527 aseen-

283 1553 439 1655 deruirt);
466 1570 602 1641 etcum
635 1588 674 1632 eo
702 1566 857 1633 aseendit
879 1574 1071 1654 παρεμεολὴ,
1096 1564 1266 1633 exercitus
1293 1565 1481 1656 impiorum
1512 1570 1617 1656 ἰσχυρὰ

283 1680 438 1758 βοηθῆσαι,
455 1673 537 1739 satis
549 1673 666 1762 itaque
680 1672 778 1739 fortis
791 1671 832 1739 ad
845 1672 987 1740 consilia
1000 1671 1098 1740 ducis
1110 1671 1307 1738 adiuvanda
1322 1679 1356 1738 et
1368 1672 1414 1738 ad
1427 1672 1615 1739 vindictam

282 1779 507 1847 exercendam
527 1779 564 1846 iu
581 1779 728 1850 rebelles
753 1780 909 1848 ludaeos.
926 1780 1045 1869 Copias
1071 1778 1231 1865 gentiles,
1249 1777 1466 1846 idololatriae
1482 1779 1614 1846 deditas

281 1891 401 1953 auctor
417 1893 513 1953 vocat
530 1894 724 1974 παρεμὸολὴν
740 1888 866 1954 bostut.
887 1886 1033 1953 Praebet
1045 1907 1060 1951 s
1072 1885 1117 1952 ad
1138 1884 1334 1953 faciendam
1349 1884 1613 1975 completionem

282 1992 319 2079 (i.
340 2015 371 2058 e.
397 1990 618 2080 deletionem)
639 1990 676 2057 in
695 1992 776 2058 filiis
797 1993 903 2059 lsrael
927 1991 1129 2082 (adhibetur
1150 2014 1214 2058 vox
1243 2013 1347 2082 quam
1372 1992 1499 2074 Smilla,
1513 1993 1610 2060 Thes

282 2119 351 2185 syr.
369 2103 397 2164 ll
413 2120 441 2165 o.
458 2102 545 2165 atas
559 2118 710 2185 neo-syr.
732 2097 818 2164 dicit
833 2113 930 2162 rnna
943 2099 967 2165 i.
986 2121 1016 2164 e.
1033 2097 1185 2180 annun).

326 2209 431 2271 Senon
447 2225 526 2272 cum
539 2204 688 2271 exercitu
701 2226 763 2271 suo
778 2217 901 2291 ἤγγισεν
914 2204 960 2295 (r,
977 2211 1017 2284 Α,
1032 2209 1069 2272 S-
1081 2234 1134 2273 σαν
1150 2228 1177 2286 a,
1193 2203 1304 2294 vulg.)
1321 2206 1614 2295 appropinquavit

281 2332 388 2399 usque
404 2310 447 2377 ad
463 2332 639 2377 ascensum
653 2312 839 2393 Bethoron,
851 2311 955 2378 hodie
971 2310 1121 2391 Brit-um
1133 2309 1362 2397 distinguitur
1372 2313 1543 2379 bethoron
1557 2335 1610 2379 su-

279 2415 396 2505 perior
406 2422 439 2483 et
447 2417 591 2483 interior
601 2437 609 2496 3
620 2416 724 2483 hodie
734 2416 868 2486 Bait-ur
877 2417 909 2483 el
920 2417 1014 2499 soka,
1028 2416 1186 2484 eltaobta
1204 2418 1261 2506 (el.
1276 2422 1337 2484 los.
1356 2423 1446 2499 16,3.
1457 2417 1509 2505 5),
1522 2417 1610 2486 inle-

279 2522 351 2589 rior
361 2523 396 2588 in
407 2522 494 2589 colle
510 2522 645 2603 humili,
658 2522 816 2613 superior
832 2523 1000 2591 orientem
1011 2544 1131 2593 versus
1141 2524 1185 2591 ab
1201 2523 1366 2592 inferiore
1380 2524 1484 2591 horae
1499 2525 1608 2615 spatio

278 2628 423 2711 distans;
441 2629 531 2695 inter
544 2635 728 2719 utrumqne
749 2628 848 2696 vallis
859 2631 1200 2720 amplaertenditur3
1218 2630 1330 2698 aditus
1344 2630 1606 2721 adsuperiorem

279 2741 329 2801 est
342 2734 471 2802 arduus
492 2757 532 2803 ac
553 2731 736 2826 deruptus3
753 2758 913 2805 aseensus
932 2737 994 2805 iste
1010 2737 1079 2826 (vel
1099 2738 1293 2824 descensus)
1312 2736 1447 2827 saepius
1464 2760 1610 2805 comme-

277 2846 432 2908 moratur
453 2846 515 2908 los.
541 2848 655 2921 10,10.
681 2849 697 2907 1
725 2847 818 2910 Sam.
845 2849 958 2923 13,18.
985 2844 1182 2911 Secundum
1208 2849 1284 2910 Eus.
1315 2847 1433 2911 Onom.
1455 2844 1559 2912 distat
1588 2867 1609 2912 a

277 2947 461 3015 Ierusalem
484 2953 526 3015 12
540 2947 650 3014 millia
669 2969 846 3037 passuum,
864 2949 1018 3038 quinque
1041 2950 1154 3030 horas,
1171 2955 1330 3040 spectans
1349 2951 1442 3019 inter
1459 2957 1607 3041 septem-

278 3057 406 3122 triones
418 3061 452 3122 et
466 3075 636 3134 occasum,
653 3053 691 3121 in
709 3055 765 3121 via
782 3078 802 3122 a
817 3054 906 3121 mari
921 3078 984 3144 per
1004 3055 1156 3142 Lyddam
1176 3079 1294 3124 versus
1310 3057 1428 3124 urbem
1446 3058 1502 3148 (cf.
1521 3059 1609 3125 Gue'-

276 3160 344 3246 rin,
360 3160 466 3229 tudae
480 3166 494 3228 l
509 3166 574 3228 338
586 3170 688 3250 sep).
706 3163 852 3229 Ratione
872 3162 989 3229 habita
1012 3162 1181 3229 exercitus
1201 3161 1335 3231 hostilis
1351 3186 1516 3232 numerus
1533 3164 1609 3233 bel-

276 3267 426 3335 latorum
441 3267 613 3357 quierant
627 3289 705 3333 cum
722 3267 806 3335 luda
819 3273 894 3336 erat
912 3268 1067 3354 exiguus,
1086 3293 1116 3336 v.
1136 3275 1195 3349 173
1216 3269 1361 3361 insuper
1376 3271 1521 3360 penuria
1536 3272 1605 3338 vic·

211 3396 214 3401 ·
276 3382 329 3442 tus
341 3373 670 3456 laborabant3unde
683 3396 719 3440 se
731 3375 824 3442 fame
838 3375 1037 3443 debilitatos
1056 3399 1096 3444 eo
1117 3375 1173 3442 die
1194 3377 1419 3466 profitentur;
1442 3382 1607 3458 ἁσιτοῦντες

276 3491 406 3569 σήμερον
416 3480 584 3569 impransi
599 3479 715 3562 hodie,
733 3480 854 3563 ieiuni,
876 3481 954 3549 cibo
971 3490 1126 3553 carentes
1142 3485 1176 3570 (S
1191 3485 1272 3572 quia
1293 3505 1364 3549 non
1385 3483 1606 3552 manducavi-

276 3608 352 3654 mus
363 3586 482 3668 hodie;
493 3609 509 3653 s
520 3585 600 3654 lassi
608 3586 699 3654 lame
711 3588 843 3678 hodie).
861 3595 970 3668 Quare
986 3611 1054 3656 non
1068 3589 1141 3656 sine
1155 3590 1347 3657 diffidentia
1359 3590 1549 3680 loquuntur
1561 3590 1606 3658 ad

275 3695 395 3762 ludam
412 3716 419 3759 :
436 3693 606 3783 quomodo
617 3694 811 3784 poterimus
830 3697 1011 3784 palpitare?
1032 3703 1096 3764 etc.
1115 3697 1367 3779 veremudus,
1388 3697 1442 3763 vir
1455 3697 1604 3784 genuino

275 3801 397 3890 spiritu
412 3802 621 3868 theooratico
639 3799 806 3883 imbutus,
823 3801 964 3888 egregie
979 3824 1078 3868 suam
1089 3801 1128 3868 in
1142 3807 1249 3870 Deum
1265 3803 1370 3868 fidem
1385 3803 1580 3870 manifestat
1596 3824 1602 3869 :

275 3911 341 3975 [leo
359 3907 431 3974 scil.
449 3907 549 3974 facile
569 3913 618 3974 est
633 3907 780 3988 allicere,
798 3913 836 3975 ut
851 3908 951 3974 multi
970 3929 1077 3997 parva
1102 3931 1207 3975 manu
1223 3909 1359 3998 penitus
1377 3908 1604 3998 praecludun-

274 4017 331 4079 tur
345 4021 379 4080 et
394 4014 633 4103 opprimantur
644 4036 677 4082 v.
696 4020 753 4093 18;
771 4035 835 4103 pro
857 4019 924 4081 Deo
948 4014 1035 4082 coeli
1053 4014 1149 4082 idem
1170 4022 1222 4083 est
1240 4015 1386 4082 salutem
1401 4017 1523 4103 largiri
1540 4038 1604 4106 ope

274 4118 462 4186 multorum
476 4117 532 4184 vel
546 4140 610 4208 ope
622 4141 829 4209 paucorum3
849 4142 930 4187 nam
949 4145 981 4187 v.
1001 4128 1041 4188 19
1062 4120 1205 4188 victoria
1225 4122 1261 4188 in
1279 4123 1373 4189 bello
1397 4123 1604 4213 reportanda

273 4247 343 4292 non
356 4225 516 4315 pendeta
530 4247 676 4292 numero
691 4233 942 4315 pugnatorum;
960 4226 1020 4294 sed
1032 4231 1165 4294 tantum
1182 4227 1223 4294 dr
1250 4229 1341 4295 coelo
1358 4227 1526 4317 fortitudo
1540 4241 1600 4308 est,

273 4335 344 4402 ἀλλ’
359 4333 418 4416 ti.
436 4355 466 4398 e.
485 4335 555 4400 ἀλλ’
573 4337 656 4401 οὐδὲν
674 4340 784 4418 timer,
806 4333 894 4400 nihil
909 4334 1001 4401 alind
1021 4334 1207 4401 intervenit
1223 4335 1277 4401 vel
1290 4336 1468 4403 victoriam
1481 4333 1603 4400 tribuit

273 4462 378 4530 qrram
393 4448 427 4509 ἐν,
441 4455 491 4508 τοῦ
505 4445 629 4527 οὐρανοῦ
650 4454 668 4524 ἡ
684 4443 781 4529 ἰσχύς,
793 4439 854 4527 ille
870 4441 974 4508 vincit
993 4440 1050 4506 cui
1063 4442 1169 4508 robur
1182 4447 1333 4532 praestat
1346 4449 1442 4510 Deus,
1460 4441 1517 4508 llic
1531 4440 1603 4508 iam

273 4549 424 4616 cernitur
442 4569 522 4615 usus
535 4546 626 4614 vocis
641 4548 772 4614 coelum
791 4571 853 4638 pro
874 4553 953 4629 Dec,
969 4547 1029 4636 qui
1041 4569 1121 4617 usus
1141 4549 1177 4615 in
1193 4550 1259 4629 hoc
1275 4549 1363 4616 libro
1380 4552 1541 4640 frequens
1554 4555 1604 4616 est

275 4656 303 4745 (s
318 4674 397 4722 eum
411 4655 528 4722 iamin
543 4677 575 4723 v.
592 4661 632 4723 18
647 4654 819 4736 adhibuit,
833 4653 893 4721 ubi
913 4657 934 4721 S
954 4653 1070 4722 incola
1083 4655 1196 4744 coeli).
1213 4661 1233 4722 S
1248 4655 1308 4722 sed
1328 4679 1366 4722 ex
1387 4656 1483 4724 coelo
1499 4658 1601 4724 datur

273 4760 392 4828 robur.
