3625 5367
315 313 376 374 130
825 311 854 368 i.
878 327 971 371 unca.
996 313 1137 380 tint-43.

218 491 222 498 ·
313 477 409 525 'rerunt
431 474 487 523 dies
510 473 608 523 multas
631 479 655 522 et
677 473 795 537 fecerunt
816 475 919 523 mariti·
967 459 1010 520 ἐπλ
1033 461 1135 539 ἡμέρας
1157 461 1258 529 πολλδις
1280 463 1326 520 καλ
1351 463 1478 534 ἐποίησαν
1509 465 1647 544 μηχαναῖς·

313 577 382 623 nas,·
405 570 429 612 et
460 565 582 613 exierunt
603 569 628 610 et
655 563 845 613 succenderunt
873 577 920 612 eas
966 549 1012 608 καὶ
1025 548 1132 622 ἐξῆλθον
1148 550 1193 610 καὶ
1207 549 1363 632 ἐνεπύρισαν
1384 551 1464 618 αθτθς
1478 555 1504 611 ἐν
1520 552 1583 630 πυρλ
1598 554 1645 613 καί

313 653 374 716 iani
393 659 417 701 et
441 658 633 716 puanaberunt
655 651 789 701 eiriliter.
817 653 860 702 tt.
886 653 918 700 Et
967 640 1136 718 ἐπολέμησαν
1147 641 1297 718 ἀνδρωδῶς.
1307 643 1357 701 33.
1370 641 1534 720 Ιίαίοῖπῆρεν
1544 639 1647 711 Ἰούδας

314 741 419 792 recessit
445 740 526 791 iudas
551 741 584 790 ab
607 754 667 790 arce
687 747 711 789 et
732 742 814 790 ntarit
830 748 919 790 castra
966 727 1019 786 ἀπὸ
1039 731 1086 801 τῆς
1107 727 1191 810 α’ίκρας
1210 729 1255 790 καί
1274 729 1453 809 πορενίὸαλεν
1467 731 1503 798 εἷς
1521 731 1638 801 Βαεθζα-

314 832 348 880 ad
370 830 583 880 Betbzarbaram
605 837 699 879 cantra
727 836 816 879 eastra
835 831 917 893 renis.
966 815 1048 896 χοιρία
1072 817 1198 878 ἀπέναντι
1225 822 1271 890 τῆς
1298 818 1471 898 παρεμὸολῆς
1493 825 1538 879 τοῦ
1563 825 1641 900 βασι·

313 918 357 969 33.
383 920 414 968 Et
436 920 554 967 reurrexit
571 931 618 968 res
635 925 697 967 ante
715 918 798 967 iucem
818 927 841 967 et
856 933 918 967 can·
966 903 1041 972 λε’ωτ.
1059 907 1108 966 33·
1127 907 1182 967 Καλ
1203 907 1496 988 ὧρθρισενθβοσιλεὺς
1520 908 1550 968 rb
1573 906 1645 990 πρωῒ

313 1008 408 1057 citavit
441 991 570 1057 exercitus
602 1008 634 1056 in
663 1009 790 1071 impetum
823 1014 917 1057 cantra
965 994 1010 1052 καλ
1024 996 1111 1074 ἀπῆρε
1125 994 1174 1066 τλν
1188 995 1362 1074 παρεμὸολὴν
1377 998 1403 1054 ἐν
1416 1000 1554 1076 ὁρμήματι
1566 1001 1646 1070 αὐτῆς

312 1098 386 1148 viam
409 1097 622 1146 Betiezacbaram
645 1104 669 1146 et
692 1104 918 1160 comparaverunt
964 1082 1034 1142 κατδι
1057 1083 1105 1156 τὴν
1134 1084 1192 1144 δδδν
1221 1085 1405 1166 Βαιθζαχαρία
1434 1087 1479 1146 καὶ
1503 1087 1642 1148 διεσκευά-

312 1200 337 1236 se
357 1187 486 1236 exercitus
514 1186 547 1235 in
567 1185 702 1249 praelium
723 1192 747 1234 et
762 1186 834 1234 tubis
850 1187 917 1235 ecci·
965 1179 1065 1244 σθησιν
1078 1175 1106 1230 αἱ
1124 1173 1249 1248 δυνάμεις
1261 1177 1298 1243 εἷς
1309 1174 1353 1233 τὸν
1368 1175 1482 1252 πόλεμον
1497 1175 1543 1234 καί
1558 1175 1641 1236 ἐσθλ-

311 1280 425 1334 nerunt;
448 1274 492 1324 bi.
515 1281 539 1323 et
565 1272 717 1340 eiepbantis
745 1274 917 1324 ostenderunt
964 1283 1046 1320 πισαν
1069 1271 1127 1330 ταῖς
1148 1262 1283 1342 σάλπιγξι·
1312 1267 1361 1323 34.
1378 1263 1424 1322 καλ
1437 1271 1491 1330 τοῖς
1513 1263 1639 1343 ἐλέφασιν

312 1366 471 1426 sanquinem
494 1376 561 1411 nevae
583 1369 607 1411 et
632 1364 701 1412 mari
727 1364 762 1410 ad
787 1364 917 1413 acuendos
963 1347 1062 1418 ἔδειξαν
1076 1339 1144 1427 αἷμα
1164 1353 1299 1432 σταφυλῆς
1316 1353 1362 1411 καλ
1382 1353 1469 1431 μόρων
1489 1357 1536 1412 τοῦ
1555 1377 1642 1434 παρα-

312 1466 354 1501 eos
374 1453 405 1500 in
425 1449 567 1515 praelium.
589 1451 633 1500 35.
655 1452 687 1500 iit
702 1451 853 1501 diviserunt
870 1449 914 1501 be·
964 1443 1060 1511 στῆσαι
1071 1438 1164 1508 αὐτοὺς
1174 1441 1262 1508 είςτδν
1273 1440 1400 1518 πόλεμον.
1410 1443 1459 1502 35.
1472 1443 1528 1502 liat
1543 1443 1639 1502 διεῖλον

312 1541 379 1590 stias
401 1552 451 1605 per
473 1538 588 1603 ieqimtes
607 1547 632 1589 et
651 1541 796 1590 astiterunt
820 1542 917 1604 sinau—
962 1527 995 1586 τίι
1014 1529 1149 1609 θηρία“εές
1168 1529 1214 1597 τὰς
1233 1529 1383 1610 φάλαγγας,
1400 1531 1445 1589 καλ
1465 1531 1637 1608 παρέστησαν

312 1629 346 1679 iis
362 1628 513 1693 elephantis
533 1628 606 1678 mitte
623 1630 678 1678 siri
698 1631 729 1678 in
744 1629 835 1680 loricis
850 1643 915 1679 ean·
958 1617 1068 1698 -ἓκοὶστῳ
1089 1617 1214 1698 ἐλέφαντι
1234 1617 1336 1697 χιλίους
1359 1620 1455 1700 ἄνδρας
1478 1625 1640 1698 τεθωρακεσ·

311 1719 452 1773 catenatis,
466 1725 490 1768 et
509 1718 603 1781 caitae
625 1733 718 1768 aereae
735 1721 765 1768 in
780 1719 917 1784 capitibus
963 1704 1056 1782 μένους
1086 1709 1112 1765 ἐν
1145 1707 1330 1780 θλνσῑδωτοῖς,
1355 1707 1401 1766 καλ
1437 1711 1641 1788 περικεφαλαῑαι

310 1820 416 1868 eorum‚·
438 1814 462 1856 et
491 1809 631 1869 quingenti
661 1809 762 1870 equites
795 1810 916 1858 ordinati
962 1795 1064 1873 χαλκαῖ
1086 1795 1131 1855 ἐπὶ
1153 1801 1207 1858 τῶν
1235 1798 1357 1878 κεφαλῶν
1382 1797 1482 1872 αὐτῶν,
1505 1797 1550 1856 καλ
1576 1821 1641 1857 πεν-

310 1896 454 1958 nnieuique
480 1896 578 1945 bestiae
598 1896 673 1946 eiecti
695 1904 788 1956 erant;
816 1897 860 1947 36.
886 1898 915 1946 bi
962 1887 1074 1944 τακοσία
1096 1883 1176 1952 innoc
1203 1885 1397 1964 διατεταγμένον
1425 1885 1528 1966 ἑκάστῳ
1556 1887 1639 1968 θηρίῳ

311 1989 373 2033 ante
388 1991 489 2047 tempus
504 1985 660 2047 ubicumque
682 1992 740 2034 erat
761 1986 857 2046 bestia,
875 1986 922 2034 ibt
962 1972 1149 2050 ἕκλιλεγμένη.
1168 1976 1216 2036 36.
1232 1967 1314 2036 oben
1329 1974 1380 2053 πρὸ
1399 1979 1488 2054 καιροῦ
1504 1965 1533 2032 οἶ
1548 1975 1593 2033 ἐὰν
1608 1967 1640 2047 ἦν

310 2070 405 2131 erant,·
429 2078 453 2121 et
487 2086 647 2134 quacumque
675 2075 743 2134 ibat,
782 2073 861 2124 ibant
890 2081 913 2122 et
962 2060 992 2118 τὸ
1013 2059 1102 2140 θηρίον
1127 2053 1206 2136 ἦσαν,
1224 2063 1270 2123 καλ
1293 2054 1323 2123 οὗ
1346 2063 1390 2122 ἐὰν
1412 2063 1550 2142 ἐπορεθετο
1574 2067 1641 2124 ἐπο-

309 2174 365 2210 non
391 2161 560 2211 discedebant
589 2163 622 2210 ab
656 2175 697 2210 ea.
730 2162 774 2212 37.
805 2164 856 2213 Sed
890 2169 914 2211 et
963 2149 1068 2226 ρεύοντο
1103 2155 1171 2226 ἅμα,
1199 2153 1247 2210 οὐκ
1287 2151 1431 2230 ἀφίσταντο
1465 2153 1512 2210 ἀπ’
1547 2153 1639 2212 αὐτοῦ.

311 2257 398 2300 tuerer
420 2250 524 2312 lianeae
545 2263 625 2314 super
646 2263 688 2300 eos
712 2252 804 2314 firmae
820 2258 914 2316 prate·
962 2240 1011 2296 37.
1027 2239 1080 2300 Καὶ
1092 2240 1188 2320 πύργοι
1200 2239 1296 2308 ξύλινοι
1311 2243 1353 2298 ἐπ’
1368 2239 1462 2309 αὐτοὺς
1475 2242 1566 2322 ὀχυροὶ
1580 2265 1641 2302 οκε·

310 2345 400 2402 μεινεκε
423 2352 504 2402 super
524 2339 648 2401 sinantias
665 2339 762 2388 bestias
786 2347 811 2390 ct
834 2354 915 2405 super
962 2326 1105 2402 παζόμενοι
1124 2333 1163 2410 ἐφ’
1186 2331 1299 2389 ίκοίστου
1320 2327 1411 2408 θηρίου
1432 2330 1574 2406 ἐζωσμένον
1595 2331 1640 2390 ἐπ’

309 2440 355 2478 eas
375 2428 532 2487 maritinae,·
554 2435 578 2476 et
606 2442 687 2492 snper
709 2428 834 2493 sindulae
858 2431 914 2479 viri
962 2419 1040 2476 αὐτοῦ
1055 2418 1201 2497 μηχαναῖς,
1215 2419 1259 2477 καὶ
1274 2420 1313 2498 ἐφ’
1327 2418 1441 2478 ἑκάστου
1456 2418 1547 2497 ἄνδρες
1559 2420 1637 2478 δυναί-

308 2515 419 2566 virtutis
444 2517 560 2578 triainta
590 2516 651 2574 dua,
679 2519 726 2580 qui
753 2519 913 2582 punnabant
961 2527 1031 2580 μεως
1052 2505 1097 2564 δύο
1117 2507 1162 2564 καὶ
1183 2507 1325 2585 τριάκοντα
1348 2511 1373 2567 οἱ
1394 2509 1570 2583 πολεμοῦντες
1594 2509 1638 2566 ἐπ’

309 2606 436 2669 desuper,·
464 2610 488 2653 et
514 2605 596 2654 Indus
636 2609 766 2670 manister
803 2607 911 2657 bestiae.
961 2597 1049 2662 αὐτοῖς
1070 2597 1115 2654 καὶ
1134 2599 1148 2654 ὁ
1167 2595 1249 2664 Ἰνδὸς
1268 2599 1358 2656 αὐτοῦ.
1375 2598 1422 2657 38.
1439 2597 1492 2656 Καὶ
1511 2595 1558 2669 τλν
1578 2597 1636 2655 ἐπί-

309 2693 353 2746 38.
382 2693 416 2742 tte
446 2693 582 2744 residuum
615 2696 763 2758 equitatum
797 2697 859 2746 binc
888 2703 913 2746 et
960 2686 1050 2744 λοιπον
1064 2681 1144 2742 ίππον
1166 2683 1237 2744 ἐνθεν
1261 2685 1307 2744 καὶ
1321 2683 1392 2745 ἐνθεν
1417 2685 1532 2756 ἔστησαν
1548 2685 1637 2744 iniri

307 2784 370 2832 inde
384 2784 479 2832 statuit
500 2784 530 2832 in
549 2784 616 2832 duas
629 2792 730 2847 partes,
751 2786 821 2834 tubis
836 2798 913 2834 eser·
960 2772 1005 2832 δύο
1024 2771 1092 2850 μίρη
1115 2775 1162 2845 τῆς
1186 2773 1359 2852 παρεμὸολῆς
1384 2774 1569 2841 κατασείοντες
1591 2776 1638 2832 καὶ

307 2873 390 2920 eitum
413 2884 572 2922 commorere
593 2879 617 2922 et
641 2886 785 2937 peruenere
810 2875 912 2923 consti·
959 2861 1209 2941 κατοφρασσόμενοι
1223 2865 1249 2921 ἐν
1261 2863 1317 2930 τοῖς
1330 2861 1469 2944 φάλαγξιν.
1482 2865 1531 2924 39.
1544 2863 1595 2930 Ὦς
1607 2863 1635 2922 δὲ

306 2967 384 3024 patos
410 2963 441 3010 in
468 2960 618 3022 ieqionibns
647 2963 714 3011 eine,
743 2961 787 3012 39.
821 2963 854 3011 Ee
882 2969 912 3011 ne
958 2947 1078 3010 ἔστιλθεν
1098 2953 1112 3009 ί)
1130 2949 1204 3021 ἥλιος
1223 2953 1267 3009 ἐπὶ
1286 2951 1333 3018 τδις
1350 2961 1451 3031 χρυσᾶς
1469 2955 1514 3010 καὶ
1533 2953 1637 3032 χαλκᾶς

307 3049 414 3113 refulsit
443 3047 482 3098 sal
507 3050 538 3098 in
566 3049 671 3113 clypeos
700 3063 794 3099 aureas
820 3057 843 3099 et
869 3064 912 3099 ae·
958 3037 1080 3114 ἀσπίδας,
1095 3037 1201 3099 ἔστιλθε
1221 3040 1254 3100 τὰ
1273 3039 1323 3120 ὅρη
1343 3044 1392 3099 ἀπ’
1407 3043 1493 3100 αὐτῶν
1508 3041 1553 3099 καὶ
1567 3063 1637 3100 κατ-

307 3151 374 3198 reas,
400 3137 623 3202 respienduerunt
649 3143 749 3187 mantes
768 3139 802 3187 ab
824 3140 863 3188 eis
887 3146 911 3188 et
957 3126 1069 3204 ηθγαζεν
1087 3131 1122 3195 ὡς
1136 3129 1275 3206 λαμπάδες
1289 3129 1397 3208 πυριίς.Δ

306 3226 529 3292 resplenduerunt
545 3227 613 3276 sicut
633 3225 772 3294 lampades
786 3228 874 3291 tynis.

341 3315 385 3366 40.
413 3316 445 3364 Et
472 3317 600 3366 distincta
622 3323 659 3365 est
685 3331 750 3381 pars
779 3319 910 3367 exercitus
997 3307 1046 3364 40.
1073 3306 1126 3364 Καὶ
1145 3305 1252 3377 ἐξετάθη
1269 3308 1346 3386 μέρος
1361 3331 1385 3364 τι
1400 3309 1446 3378 τῆς
1460 3305 1634 3387 παρεμὸολῆς

305 3406 377 3466 renis
394 3417 444 3468 per
466 3412 567 3453 memtes
588 3405 710 3464 excelsos,
732 3412 755 3455 et
780 3405 839 3456 alia
861 3421 911 3471 pet·
956 3401 1002 3454 τοῦ
1018 3393 1147 3474 βασιλέως
1162 3395 1206 3453 tet
1219 3395 1253 3454 τδι
1268 3395 1355 3475 ὑψηλὰ
1375 3395 1422 3474 ὄρη
1440 3395 1487 3454 καί
1505 3417 1571 3461 τινες
1591 3397 1636 3455 ἐπὶ

306 3493 363 3541 ioca
388 3493 517 3550 bumitia;
542 3499 567 3541 et
588 3493 664 3543 ibant
686 3500 761 3544 eante
786 3502 810 3545 et
834 3497 910 3545 ordi·
955 3479 989 3540 τδι
1007 3485 1128 3543 ταπεινοί·
1144 3481 1190 3542 καὶ
1204 3484 1319 3563 ἤρχοντο
1334 3483 1459 3566 ἀσφαλῶς
1472 3483 1518 3544 καλ
1532 3507 1634 3563 τεταγ-

304 3586 377 3629 nate.
395 3580 438 3630 il.
461 3581 494 3630 m
514 3583 746 3632 committebantur
764 3597 853 3633 amnes
867 3586 909 3633 in·
956 3570 1051 3648 μένως.
1061 3575 1111 3634 41.
1131 3575 1184 3633 Καί
1204 3571 1359 3632 ἐσαλειίοντο
1374 3572 1472 3640 ποίντες
1485 3575 1509 3632 οί
1527 3572 1635 3632 ἀκούον-

304 3669 457 3719 habitantes
480 3676 579 3719 terram
603 3685 620 3720 a
641 3685 699 3721 eone
724 3671 907 3722 multitudinis
954 3683 996 3727 τες
1017 3665 1104 3742 φωνῆς
1125 3661 1239 3732 πλήθους
1258 3663 1343 3722 αὐτῶν
1359 3662 1405 3721 καλ
1420 3661 1568 3742 ὁδοιπορίας
1585 3669 1632 3723 τοῦ

304 3767 328 3807 et
353 3761 457 3810 incessu
483 3760 576 3809 turbae
601 3768 625 3808 et
654 3759 792 3810 coilisione
817 3776 908 3811 arma·
955 3749 1069 3822 πλήθους
1088 3749 1133 3808 καλ
1153 3756 1337 3830 συγκρουσμοῖῖ
1350 3753 1402 3809 τῶν
1417 3748 1514 3810 ὅπλων·
1526 3742 1559 3823 ἦν
1572 3750 1625 3831 γὰρ

302 3862 377 3908 rnm;
393 3857 450 3899 erat
469 3850 540 3898 enim
557 3852 687 3899 exercitus
701 3863 816 3913 maanus
831 3851 907 3902 vaide
954 3837 1143 3916 ἡπαρεμὸολὴ
1159 3839 1263 3919 μεγοίλη
1278 3839 1378 3920 σφόδρα
1393 3839 1439 3898 καλ
1454 3841 1562 3920 ἰσχυροί.

305 3945 329 3986 et
346 3938 435 4001 [artis.

336 4025 380 4075 te.
410 4027 442 4074 Et
469 4029 643 4091 appropiavit
666 4029 747 4076 Iudas
775 4036 800 4077 et
829 4045 905 4080 erer—
993 4019 1041 4076 it.
1067 4016 1120 4077 Καὶ
1140 4017 1247 4095 ἤγγισεν
1263 4016 1363 4084 Ἰούδας
1377 4015 1631 4099 καλὴπαρεμθολὴ

301 4114 437 4163 cituseius
456 4115 486 4162 in
503 4114 637 4179 praelium
660 4124 683 4165 et
707 4117 856 4168 ceciderunt
873 4120 905 4169 de
953 4105 1032 4164 αὐτοῦ
1061 4109 1097 4174 είς
1125 4105 1283 4185 παράῒαέθ,
1302 4105 1348 4165 καὶ
1377 4105 1470 4165 ἔπεσον
1502 4105 1556 4164 ἀπὸ
1585 4109 1632 4178 τῆς

300 4204 416 4252 exercitu
446 4203 517 4264 rents
544 4206 660 4254 tercenti
690 4207 755 4255 virt.
793 4207 837 4258 t3.
872 4209 905 4257 m
952 4193 1123 4274 πορεμθολῖι
1147 4200 1190 4254 τοῦ
1216 4193 1346 4273 βασιλέως
1368 4194 1503 4263 ἑξακόσιοι
1527 4196 1629 4274 ἄνδρες.

298 4293 367 4342 cidit
393 4290 512 4342 Eleazar
538 4292 612 4356 filins
642 4300 732 4343 saura
761 4309 843 4344 anam
874 4299 905 4346 dc
952 4287 1000 4344 43.
1017 4283 1072 4342 Καὶ
1094 4273 1159 4342 εἶδεν
1183 4282 1343 4362 Ἐλεάζαρος
1360 4287 1374 4342 ὁ
1393 4284 1512 4364 Ἀυαρὰν
1531 4283 1628 4342 ἐντῶν

299 4382 390 4432 bestiis
415 4381 555 4432 loricatam
580 4382 671 4432 loricis
689 4385 769 4446 renis,
796 4391 820 4434 et
844 4393 904 4435 erat
951 4373 1046 4450 θηρίων
1057 4373 1284 4453 τεθωρακισμένον
1294 4373 1404 4456 θώραξιν
1419 4375 1566 4453 βασιλικοῖς
1582 4372 1631 4431 καὶ

299 4473 418 4523 eneinens
432 4485 513 4537 super
531 4478 630 4521 ceteras
653 4474 758 4533 bestias,
776 4481 799 4523 et
814 4476 904 4524 cisum
951 4451 982 4533 ἦν
1002 4463 1132 4541 θπεροίγον
1154 4461 1239 4521 πάντα
1259 4461 1292 4520 τδι
1311 4462 1400 4540 θηρία,
1417 4461 1462 4521 καλ
1489 4459 1564 4540 ὤφθη
1588 4461 1629 4518 ὅτι

302 4569 339 4612 est
365 4564 390 4611 ei
419 4563 488 4625 qetad
517 4563 547 4611 in
575 4576 606 4611 ea
634 4569 698 4611 esset
727 4576 788 4623 rcs5
812 4563 854 4612 tt.
880 4572 903 4612 et
951 4552 977 4608 ἐν
1002 4552 1072 4632 αὐτῷ
1097 4550 1166 4610 ἐστίν
1190 4555 1204 4610 ὁ
1228 4549 1362 4626 βασιλεύς.
1382 4555 1430 4611 44.
1451 4551 1505 4611 Καὶ
1528 4549 1626 4609 ἔδωκεν

302 4653 374 4701 dedit
398 4667 424 4700 se
443 4657 473 4700 nt
496 4649 622 4700 liberaret
640 4651 770 4716 populum
789 4666 865 4701 stettm
880 4661 904 4701 ct
951 4639 1043 4698 ἑαυτὸν
1065 4645 1110 4698 τοῦ
1133 4644 1219 4701 σῶσαι
1233 4641 1277 4700 τὸν
1297 4639 1361 4698 λαὸν
1381 4641 1461 4698 αὐτοῦ
1483 4637 1529 4700 καλ
1548 4661 1626 4720 περι·

300 4742 449 4801 aeqm'reret
467 4741 520 4789 sibi
539 4755 631 4791 nornen
647 4748 793 4791 aeternum.
812 4741 854 4791 45.
872 4743 904 4791 Et
951 4732 1157 4810 ποιῆσαιὲαυτῷ
1168 4728 1249 4806 ὄνομα
1261 4727 1376 4790 αἰώνιον.
1390 4731 1439 4788 45.
1452 4729 1503 4788 Καὶ
1518 4728 1628 4807 ἐπέδρα-
