3625 5367
712 326 740 384 1.
764 341 857 386 recu.
870 326 1013 398 ,5,38-44
1469 321 1525 382 117

191 478 248 541 tur
259 473 289 564 (s
309 472 402 540 misit
415 474 594 563 explorare
609 473 763 562 terram).
781 474 956 556 Referunt,
973 475 1022 542 uti
1037 475 1183 558 videtur,
1198 495 1270 541 non
1284 473 1357 540 sine
1374 491 1524 556 exagge·
1579 519 1581 525 -

191 580 324 648 ratione
344 580 526 648 collectum
548 603 618 648 esse
640 603 661 648 a
681 580 859 648 Timotheo
879 583 1056 668 ingentem
1076 587 1312 671 pugnatorum
1336 598 1523 646 numerum

191 709 230 754 er
260 686 424 754 omuibus
447 686 628 769 tribubus;
650 687 782 755 Arabes
805 710 943 778 quoque
967 689 1001 754 in
1034 689 1203 755 auxilium
1226 709 1298 754 esse
1320 686 1519 765 advocatos3

189 797 300 861 castra
320 792 434 883 posita
458 798 552 861 trans
575 798 780 878 torrentem3
795 794 907 861 hostes
933 817 1058 885 parare
1078 791 1246 884 impetum
1273 793 1311 860 in
1335 791 1520 859 exereitum

189 899 395 968 ludaeorum
407 923 441 966 v.
456 906 513 977 ,aa
537 900 635 978 Quod
654 900 814 968 ultimum
832 923 902 968 non
922 924 961 967 ex
981 905 1094 968 mente
1116 900 1285 968 Timothei
1300 898 1397 966 ducis
1414 901 1520 976 statu-

188 1012 262 1074 tum
278 1027 363 1090 esse,
382 1029 468 1074 exv.
489 1012 530 1074 to
546 1007 666 1097 liquet.
688 1007 789 1073 ludas
807 1007 874 1074 hoe
889 1007 1014 1074 nuntio
1040 1013 1181 1098 accepto
1201 1008 1274 1096 ipse
1298 1027 1377 1072 oum
1394 1005 1462 1071 suis
1483 1004 1519 1069 in

187 1134 371 1181 occursum
383 1113 534 1182 hostium
549 1112 647 1180 abiit.
663 1113 870 1194 Timotheus,
889 1113 951 1203 qui
966 1115 1147 1181 audaciam
1163 1117 1196 1179 et
1209 1111 1446 1179 fortitudinem
1466 1114 1520 1176 lu-

188 1218 355 1286 dacorum
364 1219 435 1287 iam
446 1227 605 1310 expertus
618 1224 679 1302 est,
695 1242 735 1285 ex
746 1219 868 1287 eadem
882 1219 1027 1287 audacia
1043 1219 1127 1310 quid
1143 1218 1209 1285 sibi
1222 1217 1418 1285 faciendum
1434 1222 1521 1283 esset

186 1327 372 1394 constituit.
391 1326 506 1394 Merito
519 1325 610 1393 enim
635 1327 684 1392 ita
703 1327 933 1395 ratiocinatur
951 1328 1002 1394 :si
1019 1327 1120 1394 ludas
1139 1326 1245 1394 audet
1266 1347 1327 1392 nos
1346 1322 1441 1414 prior
1457 1345 1520 1410 ag-

186 1431 298 1518 gredi,
312 1431 379 1522 ipsi
395 1432 438 1499 de
450 1433 576 1500 robore
591 1456 631 1499 ac
645 1432 759 1500 studio
778 1433 994 1501 inflammato
1011 1432 1193 1524 pugnandi
1213 1452 1354 1528 suorum
1374 1429 1521 1498 maxime

187 1544 236 1605 est
249 1560 468 1628 persuasum
483 1561 591 1629 quare
616 1539 825 1628 experientia
851 1539 964 1606 edocti
987 1540 1092 1608 talem
1113 1539 1282 1629 impetum
1301 1559 1372 1604 non
1389 1536 1521 1627 poteri-

188 1666 265 1713 mus
277 1646 465 1728 sustinere;
478 1645 603 1734 quodsi
617 1650 733 1712 autem
746 1645 934 1713 tardaverit
947 1647 1072 1713 timens
1087 1647 1131 1713 ad
1144 1667 1207 1713 nos
1219 1645 1363 1712 transire
1375 1651 1409 1710 et
1429 1664 1522 1709 man·

186 1749 267 1818 serit
286 1752 322 1817 iu
342 1751 459 1819 castris
474 1751 520 1818 ad
538 1751 754 1818 occidentem
777 1751 950 1834 torrentis,
968 1752 1077 1820 robur
1089 1775 1129 1820 ac
1145 1750 1313 1820 tortitudo
1325 1749 1398 1819 eius
1412 1747 1519 1815 bella-

185 1861 299 1925 torum
319 1857 435 1925 defieit
454 1865 487 1925 et
506 1879 567 1924 nos
588 1858 780 1948 poterimus
801 1858 960 1926 exsistere
984 1859 1141 1927 victores,
1161 1864 1199 1926 ut
1219 1857 1408 1926 secundum
1429 1857 1518 1923 hanc

183 1985 343 2032 normam
358 1964 494 2032 locutus
509 1971 560 2032 est
578 1965 795 2055 principibus
814 1967 982 2034 exereitus
997 1989 1031 2034 v.
1051 1971 1105 2032 to.
1124 1972 1160 2034 tt
1175 1987 1184 2048 3
1200 1966 1233 2032 si
1241 1963 1395 2054 posuerit
1405 1975 1519 2030 costra

184 2083 281 2136 estro
298 2071 431 2161 flumen
445 2072 469 2138 i.
490 2094 519 2138 e.
534 2083 627 2160 πέραν
638 2077 734 2138 trans
748 2071 878 2139 flumen
894 2073 943 2162 (S,
961 2071 989 2162 s)
1005 2071 1029 2138 i.
1043 2094 1074 2140 e.
1097 2072 1142 2140 ad
1157 2070 1372 2139 occidentem
1386 2075 1520 2137 torren-

184 2176 228 2244 tis
246 2200 305 2246 seu
321 2176 421 2245 Wadi
439 2177 623 2245 el-Ehreir.
640 2181 755 2245 Castra
776 2177 943 2245 Timothei
964 2185 1062 2246 erant
1085 2179 1129 2246 ad
1154 2178 1323 2246 orientem
1343 2177 1515 2244 torrentis.

183 2282 380 2350 Timotheus
400 2283 541 2374 quidem
565 2285 629 2351 soit
652 2284 720 2351 sibi
742 2289 877 2374 praesto
898 2308 973 2353 esse
996 2307 1181 2356 numerum
1200 2284 1309 2354 multo
1329 2285 1513 2366 maiorem3

182 2389 242 2456 sed
256 2391 434 2457 victoriam
447 2395 564 2457 tamen
582 2413 653 2458 non
669 2390 736 2458 sibi
755 2391 859 2458 audet
873 2373 1090 2481 promittere,
1105 2392 1172 2459 nisi
1190 2392 1366 2482 quandam
1385 2388 1517 2457 animo-

183 2517 259 2564 rum
275 2496 509 2563 abiectionem
529 2518 568 2563 ao
584 2496 858 2565 debilitationem
873 2497 967 2588 apud
983 2497 1127 2565 ludaeos
1142 2497 1309 2567 advertat.

226 2602 328 2670 Iudas
349 2625 422 2669 rem
447 2606 607 2694 prompte
631 2603 838 2690 aggreditur
865 2627 899 2670 v.
926 2609 984 2686 δας
1009 2603 1112 2670 simul
1144 2612 1257 2684 curat,
1280 2609 1319 2670 ut
1340 2603 1384 2670 ad
1405 2623 1515 2669 unum

182 2729 301 2776 omnes
312 2709 491 2776 certamini
506 2708 681 2794 intersint3
694 2731 801 2798 quare
815 2710 934 2777 statuit
944 2719 1013 2791 rete,
1025 2727 1215 2799 γραμματεῖς
1229 2710 1316 2790 (tuto
1332 2716 1352 2774 2
1365 2709 1445 2775 Chr.
1456 2715 1511 2791 26,

184 2819 242 2898 11;
261 2829 375 2879 ortuo
394 2819 489 2884 Dent.
509 2823 600 2898 205.
622 2822 683 2883 los.
702 2823 780 2897 1,10
794 2817 876 2906 ete.)
893 2817 1024 2884 scribas
1043 2817 1222 2901 militares
1244 2816 1405 2885 tribunos
1420 2837 1515 2882 exer-

181 2920 264 2989 citui
282 2922 539 3006 conscribendo,
555 2923 772 3013 inspiciendo
801 2925 1028 3014 praepositos,
1043 2924 1088 2993 ad
1120 2928 1311 2992 torrentem
1344 2924 1515 2992 mandans

181 3027 224 3094 iis
243 3050 251 3096 ε
267 3050 310 3095 ne
329 3030 535 3119 permittatis
561 3051 770 3119 quemquam
794 3031 978 3099 consistere
998 3033 1052 3123 (μὴ
1075 3035 1167 3120 ἀφῆτε
1191 3038 1289 3103 πάντα
1303 3031 1327 3100 i.
1350 3055 1380 3099 e.
1403 3039 1515 3116 μηδένα

181 3137 273 3222 ἀφῆτε
285 3144 491 3224 παρεμδαλεῖν
507 3154 515 3202 :
531 3137 702 3202 neminem
717 3137 902 3204 consistere
918 3137 1049 3227 sinite);
1063 3139 1121 3204 sed
1133 3161 1251 3206 omnes
1265 3139 1456 3230 procedant
1468 3137 1514 3204 ad

180 3241 420 3328 pugnandum.
435 3241 615 3309 Praeclaro
630 3243 788 3331 exemplo
802 3243 874 3330 ipse
890 3244 991 3310 ludas
1005 3244 1102 3333 prior
1116 3245 1312 3330 ingreditur
1324 3249 1512 3310 torrentem

180 3351 214 3412 et
228 3348 426 3415 transfretat
440 3370 557 3414 versus
567 3349 683 3415 hostes
696 3371 728 3414 v.
747 3355 807 3432 ²⁸33
823 3353 916 3415 totus
932 3350 1098 3416 exereitus
1108 3371 1186 3417 eum
1202 3350 1372 3438 sequitur:
1384 3371 1511 3436 magno

179 3451 311 3542 impetu
328 3458 434 3522 ruunt
447 3455 485 3521 in
498 3455 625 3537 hostes,
643 3455 704 3544 qui
721 3476 840 3521 eorum
857 3455 1004 3522 audacia
1017 3455 1085 3521 iam
1105 3456 1229 3524 animis
1248 3455 1371 3522 cadere
1387 3457 1511 3524 viden-

179 3563 250 3640 tur;
267 3582 347 3626 mox
365 3561 457 3628 enim
478 3560 655 3628 incursum
675 3561 879 3628 ludaeorum
903 3583 974 3628 non
997 3563 1203 3629 sustinentes
1227 3561 1386 3652 proiectis
1407 3564 1511 3632 armis

179 3665 315 3753 fugiunt
340 3665 390 3733 od
406 3669 532 3756 sonum
554 3667 649 3756 qood
671 3679 746 3736 erot
771 3667 810 3734 io
835 3667 1001 3737 Gomoim
1019 3667 1045 3736 i.
1063 3691 1093 3735 e.
1114 3668 1291 3736 Dsohureu
1305 3671 1342 3736 in
1357 3669 1511 3737 Ledsoha

180 3772 238 3860 (ei.
254 3773 410 3841 tabulam
427 3797 548 3861 geogr.
572 3773 679 3843 cain
700 3781 725 3842 t.
740 3781 782 3841 12
798 3775 821 3841 l.
839 3777 903 3864 α.);
923 3775 1025 3843 distat
1046 3798 1117 3842 non
1132 3774 1217 3843 adeo
1232 3775 1379 3843 multum
1397 3777 1510 3843 orien-

179 3883 250 3946 tem
273 3902 391 3948 versus
419 3881 463 3948 ab
487 3882 641 3950 onitate.
663 3881 764 3949 ludas
794 3883 966 3970 fugientes
996 3882 1233 3972 prosequitur3
1255 3883 1364 3973 ipsam
1387 3881 1509 3952 urbem

178 3992 369 4075 expugnat3
388 3989 447 4076 qui
469 3989 515 4054 ad
533 3988 628 4054 idola
644 3990 873 4075 confugerant
886 3988 924 4057 in
938 3991 1058 4057 tanum
1077 3991 1158 4058 fauo
1179 4013 1343 4058 succenso
1359 3991 1508 4059 flammis

177 4091 331 4160 suffocati
355 4100 511 4183 pereunt.
536 4099 683 4162 Vocatur
711 4096 831 4163 fanum
859 4093 949 4162 illud
973 4102 993 4162 2
1019 4097 1122 4163 Mach.
1149 4103 1250 4179 mmo
1276 4097 1505 4187 Ἀταργατεῖαν,

179 4197 299 4265 fanum
316 4198 401 4266 deae
418 4201 591 4286 Atargatis
608 4203 682 4291 (seu
695 4201 852 4286 Derketo,
874 4201 941 4269 dea
953 4224 1093 4270 consors
1107 4203 1249 4294 Dagon).

454 4419 499 4476 14.
521 4388 716 4477 moneantur
728 4415 882 4477 Israelitoo
895 4418 927 4476 io
942 4416 1087 4478 Iudaeam
1108 4423 1239 4490 hdo-54.

216 4584 290 4645 5,45.
306 4585 339 4634 Et
355 4589 528 4650 congregarit
545 4587 628 4636 iudos
647 4588 786 4638 universos
873 4579 957 4651 5,45.
978 4576 1030 4636 Καὶ
1053 4575 1201 4655 συνήγαγεν
1226 4575 1328 4642 Ἰούδας
1351 4577 1438 4637 πάντα
1456 4575 1512 4637 Ἰσ-

180 4673 322 4725 tsroetitos
343 4677 390 4738 qui
414 4682 493 4727 eroot
520 4677 551 4726 in
573 4675 744 4726 Galaaditide
770 4690 787 4724 o
834 4665 901 4744 ραὴλ
916 4663 975 4730 τοὺς
995 4667 1020 4722 ἐν
1035 4670 1069 4745 τῇ
1089 4665 1262 4725 Γαλααδίτιδι
1282 4665 1336 4722 ἀπὸ
1354 4663 1512 4745 μικροῦῖως

181 4762 293 4813 minimo
313 4777 396 4828 osque
419 4767 452 4815 od
476 4767 623 4817 maximum
644 4772 668 4814 et
692 4778 786 4815 osores
833 4753 951 4830 μεγάλαύ
965 4753 1010 4812 καὶ
1023 4753 1069 4820 τὰς
1084 4763 1209 4834 γυναῖκας
1223 4755 1310 4814 αὐτῶν
1325 4755 1418 4814 καὶτὰ
1433 4755 1513 4816 τέκνα
