3625 5367
739 334 772 407 eL
792 362 883 407 ulcr.
909 346 1005 421 ars.
1490 355 1546 414 sn

215 498 296 588 quia
320 502 441 585 gentes
465 496 569 565 deum
593 497 775 564 tutelarem
798 519 918 565 curam
941 496 1072 565 habere
1096 498 1219 589 populi
1240 500 1293 566 sui
1314 500 1376 567 sibi
1404 502 1545 570 omnino

213 608 468 694 persuaserunt.
491 604 599 682 Quare
621 603 764 671 efferens
782 604 992 671 Iudaeorum
1013 604 1049 671 in
1069 610 1176 673 Deum
1193 605 1448 676 observantiam
1469 633 1547 699 spe-

215 733 291 779 rare
316 717 451 801 poterat
478 709 570 800 apud
596 710 782 800 populares
809 733 889 778 suos
913 733 948 777 se
971 710 1037 777 sibi
1060 710 1164 778 fidem
1186 713 1370 796 iacturum,
1391 738 1462 784 non
1486 738 1548 785 sua

215 818 326 907 culpa,
350 818 410 884 sed
430 816 583 883 numinis
596 816 796 884 interventu
811 816 1067 907 expeditionem
1082 818 1172 885 male
1189 819 1344 889 cessisse.

566 1016 611 1099 15ss
634 1038 690 1097 Dei
704 1038 736 1099 in
751 1038 928 1101 Altinatium
941 1040 1072 1103 uindicta
1086 1045 1198 1115 atus.

191 1224 196 1232 ’
250 1239 305 1301 at.
322 1238 419 1287 Eodem
440 1240 553 1301 tempore
573 1237 719 1287 Antiochus
738 1238 820 1287 inito-
906 1229 971 1299 9,l.
993 1225 1061 1305 ssepi
1076 1225 1103 1285 δὲ
1118 1226 1162 1286 τδν
1181 1226 1272 1307 καιρόν
1287 1231 1385 1303 ἐκεῖνον
1402 1230 1547 1311 ἐτύγχανεν

214 1334 286 1379 nette
308 1327 494 1377 revertebatur
518 1327 549 1375 eie
573 1326 694 1376 Perside.
720 1327 744 1375 i.
773 1326 820 1375 ln·
866 1312 998 1394 Ἀντίοχος
1017 1314 1188 1383 ἀναλελυκὼς
1204 1316 1330 1394 ἀκόσμως
1351 1320 1381 1377 ἐκ
1400 1321 1454 1378 τῶν
1477 1321 1547 1380 κατὰ

215 1423 334 1467 truserat
366 1417 438 1466 enirn
470 1418 502 1487 irs
536 1429 594 1465 sans
620 1428 688 1478 quac
719 1415 821 1465 dicitur
865 1401 915 1474 τήν
938 1403 1057 1484 Περσίδα
1079 1403 1216 1465 riuum
1246 1406 1418 1478 Είςεληλύθιι
1438 1409 1490 1486 γάρ
1512 1411 1549 1477 τίς

214 1505 362 1569 Persepolis
385 1512 409 1555 et
434 1506 548 1580 tentarit
576 1502 728 1573 exspoliare
753 1509 821 1553 tern-
866 1489 915 1563 τὴν
938 1493 1084 1571 λεγομένην
1109 1492 1286 1573 Περσέπολιν,
1305 1496 1351 1554 καλ
1374 1497 1547 1577 ἐπεχείρησεν

213 1593 289 1659 pium
305 1599 330 1642 ct
348 1594 483 1643 civitatem
503 1593 669 1659 opprimere,-
685 1593 729 1643 sed
748 1592 820 1643 mui-
865 1582 1009 1659 ίεροσυλεῐν
1028 1580 1074 1640 καί
1089 1580 1137 1654 τήν
1152 1582 1229 1643 πόλιν
1249 1586 1380 1665 συνέχειν·
1395 1587 1434 1646 διδ
1447 1586 1479 1657 δή
1494 1591 1547 1646 τῶν

215 1684 330 1733 titudine
346 1682 380 1730 act
396 1695 472 1731 arma
492 1688 664 1731 concurrente
682 1682 713 1731 in
727 1681 821 1746 [upum
866 1672 975 1741 πληθῶν
990 1670 1163 1747 ὁρμησάντων
1179 1672 1223 1731 ἐπὶ
1240 1673 1289 1743 τήν
1305 1677 1358 1732 τῶν
1374 1673 1463 1733 ὅπλων
1479 1676 1546 1755 βοή-

215 1773 420 1831 διαλεκτικοί
438 1772 479 1819 ita
498 1771 613 1833 conlisit
629 1776 658 1819 ut
673 1771 820 1821 Antiochus
866 1763 938 1817 θειαν
953 1757 1109 1837 ε’τράπησαν
1128 1758 1174 1819 καλ
1195 1760 1292 1833 συνέόη
1313 1764 1481 1843 τροπωθέντα
1501 1764 1546 1823 τὸν

213 1867 274 1925 ροσε
289 1859 383 1924 [αρσια
403 1860 520 1923 turpiter
539 1859 649 1908 rediret.
667 1860 694 1909 3.
710 1860 743 1909 lit
763 1872 821 1909 curn
866 1845 998 1927 Ἀντίοχον
1023 1848 1074 1906 ὑπὸ
1094 1851 1148 1907 τῶν
1170 1849 1308 1929 ἐγχωρίων
1332 1852 1475 1930 ἀσχήμονα
1498 1852 1546 1925 τήν

214 1950 329 1999 uenisset
358 1948 430 1996 circa
461 1947 642 2008 licinianam,
668 1950 821 2010 recopnouit
867 1935 1000 2013 ἀναζυγὴν
1014 1936 1188 2006 ποιήσασθαι.
1206 1940 1235 1997 3.
1249 1937 1328 1998 'Orsi
1348 1941 1375 1997 δὲ
1396 1942 1470 2020 αὐτῷ
1488 1942 1547 2000 κατ’

216 2050 283 2101 quae
291 2049 355 2099 erpa
364 2037 559 2085 Nicanoremet
572 2035 737 2085 Timotheum
746 2043 820 2098 peste
866 2022 1024 2084 Ἐκύάτανα
1044 2024 1188 2102 προςέπισε
1206 2025 1240 2085 τά
1259 2026 1334 2092 κατὰ,
1351 2030 1487 2108 Νικάνορα
1501 2030 1547 2088 καὶ

215 2132 286 2175 sunt.
309 2124 334 2174 i.
353 2124 447 2173 Elatus
470 2130 558 2173 autent
580 2124 611 2172 in
630 2124 676 2172 ira
697 2124 820 2173 arbitra·
865 2112 924 2180 τοὺς
940 2111 1002 2192 περί
1016 2114 1147 2190 Τιμόθεον
1161 2115 1298 2193 γεγονότα.
1315 2120 1346 2176 i.
1362 2117 1504 2197 Ἐπαρθεὶς
1518 2120 1546 2178 δὲ

217 2216 296 2265 batur
316 2226 342 2261 se
366 2213 502 2263 iniuriam
524 2210 636 2261 iliorum
655 2213 703 2274 arai
727 2226 753 2261 se
775 2211 813 2275 su
865 2204 902 2280 τῷ
922 2203 998 2280 θυμῷ
1015 2200 1081 2281 ᾤετο
1102 2202 1148 2260 καὶ
1166 2204 1215 2273 τὴν
1234 2207 1287 2261 τῶν
1306 2208 1545 2282 περυγαδευκότων

214 2308 346 2367 paverunt
366 2314 441 2365 passe
466 2303 496 2350 in
521 2300 632 2351 ludaeos
652 2306 819 2362 retorquere;
866 2289 945 2348 αὐτόν
973 2291 1069 2347 κακίαν
1093 2292 1130 2355 τίς
1149 2290 1209 2358 τοὺς
1233 2292 1377 2360 Ἰουδαίους
1406 2295 1548 2372 ἐναπερςί.

214 2392 324 2454 ideoque
340 2391 419 2439 iussit
429 2390 533 2453 opilari
547 2402 655 2439 currum
671 2402 748 2439 suurn
763 2388 820 2437 sine
866 2382 974 2436 σασθαι·
990 2376 1030 2435 διδ
1045 2376 1170 2445 συνέταξε
1189 2378 1233 2437 τδν
1253 2380 1447 2460 ἁρματηλάτην
1464 2384 1545 2442 dim.
1605 2408 1608 2413 ·
1702 2385 1705 2389 “
1773 2442 1787 2460 „

214 2481 413 2531 intermissione
439 2490 519 2541 opens
544 2478 605 2539 iter,
634 2476 740 2527 coelesti
762 2490 820 2526 eum
865 2464 1287 2532 λείπτωςίλαύνοντακατανύειν
1302 2469 1349 2539 τήν
1365 2470 1484 2549 πορείαν,
1499 2478 1546 2544 τῆς

200 2570 315 2621 iudicio
329 2573 499 2632 perurpente,
514 2580 542 2616 eo
563 2567 633 2629 quod
647 2567 688 2615 ita
708 2566 820 2629 superbe
866 2554 891 2622 ἐξ
912 2555 1021 2634 ούρανοῦ
1041 2553 1073 2625 δὴ
1092 2553 1203 2634 κρίσεως
1223 2555 1352 2629 συνούσης
1374 2563 1455 2639 αὐτῷ·
1475 2559 1545 2620 οὕτω

216 2659 317 2709 locutus
332 2664 368 2706 cst
384 2670 410 2707 se
428 2662 570 2705 uenturum
587 2654 777 2717 lerosolymam
796 2660 820 2702 et
865 2642 917 2722 γδρ
936 2642 1109 2723 ὑπερηφάνως
1127 2633 1198 2703 εἶπε·
1216 2645 1388 2725 πολυάνδριον
1408 2646 1545 2707 Ἰουδαίων

215 2747 363 2810 conperiens
382 2744 499 2809 sepulcri
512 2744 672 2793 ludaeorum
686 2756 744 2793 earn
761 2741 820 2805 saa·
866 2730 1038 2812 Ἰεροσόλυμα
1051 2730 1156 2803 ποιήσω
1167 2733 1381 2811 παραγενόμενος
1390 2737 1454 2795 ἐκεῖ,
1471 2740 1500 2797 5,
1511 2737 1546 2800 Ὁ

215 2843 314 2886 turum.
338 2836 363 2884 5.
389 2834 440 2884 Seri
465 2834 511 2896 qui
539 2834 667 2882 reniaerso
690 2832 820 2896 conspicit
866 2820 894 2878 ii
917 2818 1089 2893 πανεπόπτης
1120 2820 1216 2901 Κύριος
1239 2825 1253 2879 δ
1275 2823 1344 2888 Θεὸς
1365 2830 1411 2884 τοῦ
1433 2825 1546 2898 Ἰσραὴλ

214 2926 341 2975 Dominus
361 2923 428 2971 Deus
446 2918 532 2971 lsrael
549 2920 681 2985 percussit
700 2934 758 2969 ειιιιι
775 2921 820 2968 in·
867 2907 996 2977 ἐπάταξεν
1018 2908 1095 2968 αύτδν
1118 2912 1218 2991 άνιάτιρ
1240 2912 1286 2970 καλ
1310 2914 1416 2993 ἀοράτῳ
1439 2917 1542 2994 πληγῇ·

215 3012 338 3063 sanabili
361 3018 385 3060 et
411 3008 548 3059 invisibili
573 3008 669 3073 playa.
696 3010 727 3057 Ut
750 3009 821 3057 enirn
866 2999 927 3076 ἄρτι
942 2996 1064 3058 eiceret
1079 2998 1544 3079 καταλήξαντοςτδνλόγον,ἔλα6ςν

215 3083 304 3167 finiuit
318 3102 387 3151 hunc
402 3101 491 3163 r'psurn
503 3110 658 3157 sermonem,
671 3098 820 3162 apprehen·
866 3088 945 3147 αὐτὸν
961 3087 1104 3158 ἀνήκεστος
1117 3094 1170 3148 τῶν
1183 3090 1347 3169 σπλάγχνων
1362 3092 1484 3169 ἀλγηδὼν
1499 3093 1546 3152 καί

216 3192 255 3241 dit
272 3204 330 3240 eum
347 3186 423 3238 dolor
438 3189 514 3236 dirus
533 3188 664 3237 uiscerum
683 3193 708 3235 et
726 3200 820 3235 amora
865 3176 959 3255 πικραί
979 3179 1032 3234 τῶν
1054 3176 1127 3234 ἔνδον
1149 3179 1273 3252 βάσανοι,
1292 3182 1322 3237 6.
1344 3181 1414 3237 πάνυ
1437 3182 1546 3249 δικαίως

215 3282 383 3330 internorum
417 3282 563 3335 tormenta;
598 3274 624 3325 6.
656 3280 679 3322 et
714 3274 820 3336 quidem
865 3263 909 3321 τὸν
925 3264 1036 3330 πολλαῖς
1051 3264 1098 3321 καλ
1113 3264 1272 3331 Εενιζούσανς
1286 3267 1433 3344 συμφοραῖς
1448 3270 1545 3346 ἑτέρων

216 3371 282 3420 satis
301 3369 380 3425 iuste,
402 3366 499 3428 quippe
520 3363 567 3426 qui
588 3361 681 3411 multis
699 3367 723 3410 et
743 3362 820 3411 nouis
866 3351 1008 3430 σπλάγγνα
1038 3352 1269 3429 permutassent
1292 3352 1320 3411 δὲ
1348 3356 1470 3430 οὐδαμῶς
1497 3361 1544 3428 τῆς

217 3456 380 3509 cruciatibus
413 3453 531 3502 aliorum
560 3457 673 3500 torserat
700 3450 818 3510 uiscera,
866 3440 1015 3518 ἀγερωχίας
1033 3439 1135 3518 ἔληγεν.
1150 3444 1178 3502 7.
1192 3438 1255 3501 Ἐτι
1271 3441 1299 3499 δέ
1316 3443 1362 3500 καί
1378 3448 1425 3515 τῆς
1443 3449 1543 3525 ὑπερη-

217 3546 278 3597 licet
312 3544 360 3594 ilie
390 3541 467 3592 nrslio
497 3540 573 3590 modo
604 3551 683 3588 arua
711 3537 821 3587 malitia
866 3528 961 3610 φανίας
984 3529 1169 3607 ἐπεπλήρωτο,
1189 3535 1242 3608 πῦρ
1265 3531 1351 3589 πνέειν
1376 3537 1428 3600 τοῖς
1451 3536 1543 3611 θυμοῖς

216 3640 339 3685 cessaret.
362 3632 387 3683 7.
408 3633 495 3694 Super
517 3630 563 3678 isac
583 3634 671 3677 autem
692 3626 820 3691 superbia
866 3618 907 3676 ici
924 3616 984 3684 τοὺς
997 3617 1149 3688 Ἰουδαίους,
1164 3618 1210 3676 καὶ
1223 3620 1336 3677 κελεύων
1350 3620 1483 3689 ἀποξύνειν
1494 3626 1543 3695 τήν

217 3723 334 3789 repletus
358 3722 447 3783 ianam
470 3719 582 3783 spirans
604 3717 694 3766 animo
718 3717 750 3765 in
773 3721 821 3764 iu·
865 3706 986 3787 πορείαν·
1001 3707 1099 3778 συνέύη
1119 3708 1146 3765 δὲ
1165 3707 1211 3766 καὶ
1228 3715 1318 3766 πεσεῖν
1339 3710 1415 3769 αὐτὸν
1430 3711 1483 3768 ἀπὸ
1496 3717 1542 3771 τοῦ

217 3813 295 3862 dacos
318 3818 343 3860 et
365 3808 537 3874 praecipiens
567 3804 712 3855 accelerari
738 3818 820 3867 nepo-
866 3796 983 3873 ἅρματος
992 3794 1136 3875 φερομένου
1147 3794 1225 3875 ῥοίζῳ
1234 3796 1281 3854 καί
1291 3797 1543 3878 δυςχερεῖπτύιματι

217 3903 293 3961 tium,
315 3899 427 3961 contipit
450 3894 527 3945 illurn
547 3895 647 3959 impetu
668 3900 771 3943 euntem
790 3894 820 3941 cie
866 3884 1043 3964 περιπεσόντα
1073 3884 1161 3942 πάντα
1189 3885 1222 3942 τὰ
1248 3883 1318 3960 μέλη
1345 3893 1390 3947 τοῦ
1421 3888 1544 3965 σώματος

217 4003 297 4039 curru
325 3988 417 4037 cadere
441 3991 464 4033 et
491 3984 570 4046 araci
599 3983 718 4046 corporis
742 3980 821 4031 colii·
867 3972 1124 4054 ἀποστρεύλοῧσδαν,

217 4080 291 4127 sione
306 4075 421 4124 membra
436 4074 539 4124 secari.

255 4164 280 4215 8.
312 4170 389 4227 isque
416 4164 463 4225 qui
491 4160 545 4211 sibi
574 4159 717 4209 ridebatur
740 4160 822 4207 etiam
907 4146 936 4204 8.
960 4140 995 4202 ‘0
1018 4143 1041 4200 δ’
1065 4142 1125 4220 ἀρτι
1153 4143 1236 4201 δοκῶν
1263 4151 1317 4210 τοῖς
1339 4149 1386 4216 τῆς
1409 4148 1543 4221 θαλάσσης

208 4254 341 4319 ¹[luctibus
358 4253 442 4301 maris
462 4252 606 4314 imperare,
623 4262 707 4313 supra
724 4248 819 4297 iruna·
867 4231 983 4307 κύμασιν
1005 4232 1157 4290 ἀπιτάσσειν
1180 4232 1224 4291 διδι
1249 4230 1295 4303 τὴν
1318 4233 1384 4316 ὑπὲρ
1407 4234 1544 4313 ἄνθρωπον

217 4358 282 4395 nuru
301 4342 405 4393 modurn
424 4339 551 4405 superbia
569 4335 685 4401 repletus
703 4342 726 4385 et
746 4349 822 4384 mon·
869 4319 1034 4392 ἀλαζονείαν,
1063 4320 1110 4379 καλ
1142 4323 1287 4398 πλάστιγγι
1318 4321 1352 4380 ri
1382 4326 1433 4379 τῶν
1463 4325 1545 4400 ὀρέων

220 4436 286 4484 tium
307 4430 467 4482 altitudines
487 4429 517 4477 iu
538 4432 641 4476 statera
660 4425 819 4490 appendere,
868 4410 985 4487 οἰόμενος
1004 4406 1058 4487 iis,
1077 4408 1198 4482 στήσειν,
1212 4409 1283 4467 κατδι
1296 4414 1346 4486 γῆν
1361 4414 1499 4486 γενόμενος
1519 4416 1545 4473 ἐν

217 4535 289 4573 nunc
309 4519 469 4570 humiliatus
487 4516 521 4565 ad
539 4524 639 4565 terram
660 4516 691 4563 in
710 4520 822 4577 pestate·
868 4496 965 4579 φορείῳ
977 4496 1182 4576 παρεκομίζετο,
1193 4497 1307 4578 φανερὰν
1324 4503 1369 4557 τοῦ
1387 4500 1459 4558 Θεοῦ
1478 4511 1548 4562 πάσι

218 4613 260 4663 rio
279 4609 452 4675 portabatur,
472 4605 646 4669 manifestam
665 4604 712 4653 Dei
733 4606 822 4653 virtu·
868 4588 917 4658 τήν
941 4585 1053 4662 δύναμιν
1077 4586 1283 4661 ἐνδεικνύμενος,
1306 4587 1336 4646 9.
1360 4586 1424 4651 ὤςτε
1447 4590 1493 4648 καὶ
1517 4594 1547 4651 ἐχ

219 4708 269 4751 ten
291 4702 321 4749 in
341 4698 481 4763 semetipso
506 4698 665 4754 contestans,
686 4692 711 4743 9.
734 4692 774 4741 ita
794 4698 822 4739 ut
869 4680 914 4735 τοῦ
930 4676 1053 4751 σώματος
1067 4679 1111 4733 τοῦ
1127 4675 1265 4741 δυςσεόοῦς
1277 4676 1418 4747 σκώληκας
1430 4680 1546 4753 ἀναζεῒν,

220 4790 373 4854 decarpere
394 4786 591 4853 implicaretur
610 4782 775 4833 scaturirent.
794 4794 823 4829 ac
869 4764 915 4825 καί
948 4767 1044 4834 ζῶντος
1073 4766 1100 4822 ἐν
1132 4764 1236 4832 ὀδύναις
1266 4765 1312 4823 καί
1342 4766 1470 4844 ἀλγηδόσι
1501 4768 1547 4839 τλς
