3625 5367
736 351 764 408 1.
788 366 879 411 6666.
905 350 1043 441 hil-58.
1518 355 1555 416 ,61

221 498 351 567 iactum
377 498 566 589 essequod
594 500 707 589 primo
736 500 811 566 loco
836 499 875 566 in
897 522 929 565 r.
954 507 995 568 t'I
1021 505 1242 591 praeceptum
1272 505 1338 581 est;
1365 499 1492 570 dicitnr
1518 502 1556 568 in

221 604 317 693 vulg.
335 626 454 692 regem
471 606 675 674 Antiochum
691 599 899 689 aedificasse,
918 606 980 673 sed
993 628 1118 694 graece
1133 612 1168 673 et
1182 612 1203 674 S
1217 628 1232 673 s
1249 606 1377 694 legitur
1395 607 1556 697 aedifica-

223 723 306 778 runt
326 710 400 779 scil.
417 712 441 777 ii
462 733 547 802 quos
567 714 755 782 Antiochus
775 718 952 803 tamquam
971 712 1184 802 inspectores
1203 720 1236 780 et
1254 719 1468 781 exsecutores
1491 714 1556 781 mi·

221 824 312 887 serat
332 818 379 905 (v.
403 816 476 905 53);
501 820 573 908 ipse
591 818 710 909 itaque
731 842 791 907 per
810 819 949 885 nuntios
971 841 1060 887 suos.
1087 819 1251 909 Iosephus
1272 819 1412 909 quidem
1435 820 1556 887 scribit

220 946 338 1012 regem
370 923 426 992 die
452 931 507 993 65.
536 926 665 992 mensis
689 924 806 992 Casleu
833 947 924 991 anno
949 924 1207 993 Seleucidarum
1232 931 1295 993 1t5
1320 948 1449 1013 magno
1476 950 1553 996 cum

221 1031 369 1101 exercitu
383 1030 576 1097 ascendisse
591 1031 626 1098 in
643 1031 764 1098 urbem
777 1031 979 1112 Ierusalem3
1000 1031 1061 1097 sed
1080 1031 1112 1098 ei
1126 1032 1273 1121 tempori
1285 1032 1453 1100 adscribit
1465 1056 1554 1124 quae

220 1159 311 1205 anno
332 1142 394 1204 163
415 1137 504 1204 iacta
525 1141 616 1220 sunt,
639 1138 710 1205 scil.
736 1159 825 1228 quae
845 1160 877 1205 v.
905 1144 947 1204 63
972 1160 1044 1227 seq.
1066 1144 1263 1205 narrantur.
1286 1140 1345 1205 IIie
1367 1161 1471 1228 porro
1496 1148 1550 1207 15.

219 1244 347 1313 mensis
372 1243 508 1327 Casleu,
531 1244 591 1334 qui
611 1250 660 1311 est
684 1243 812 1312 mensis
833 1242 1038 1311 Iudaeorum
1054 1266 1074 1311 a
1088 1243 1189 1311 nisan
1208 1266 1318 1312 nonus
1340 1244 1550 1335 (december)

219 1351 327 1417 altare
346 1351 406 1419 Dei
420 1371 555 1419 summa
574 1350 814 1440 profanatione
829 1352 1039 1418 maculatum
1057 1357 1120 1432 est,
1138 1350 1221 1418 dum
1236 1350 1308 1418 scil.
1325 1373 1430 1440 super
1444 1353 1551 1420 altare

220 1456 536 1525 holocautomatum
551 1456 789 1525 aedificaretur
803 1478 864 1523 ara
877 1457 924 1524 ad
939 1456 1111 1525 sacrificia
1124 1456 1342 1524 idololatriea
1361 1457 1550 1525 offerenda.

218 1567 322 1631 Aram
340 1564 444 1631 talem
463 1585 534 1631 esse
550 1562 827 1651 intelligendam,
844 1568 938 1653 patet
956 1569 1029 1631 tum
1046 1585 1085 1628 ex
1104 1563 1260 1631 membro
1274 1562 1393 1631 addito
1415 1584 1423 1630 :
1441 1575 1474 1631 et
1490 1587 1553 1653 per

218 1670 395 1738 eeeioerscs
416 1670 570 1738 civetates
587 1672 675 1736 Iuda
692 1668 965 1759 aedificaverant
982 1692 1074 1749 arcs,
1094 1675 1170 1736 tum
1192 1691 1232 1735 ex
1257 1681 1287 1734 vt
1313 1676 1356 1736 66
1377 1670 1552 1761 sacrifica-

217 1776 299 1844 dant
319 1798 421 1868 super
441 1798 551 1857 aram,
572 1783 618 1845 ἐπὶ
635 1786 685 1845 τὸν
707 1783 806 1861 βωμὸν
828 1780 860 1856 ὃς
879 1781 916 1859 ἦν
934 1783 983 1845 ἐπὶ
1003 1792 1054 1844 τοῦ
1075 1784 1292 1863 θυσιαστηρίου.
1313 1780 1415 1843 Sacer
1435 1782 1550 1845 aulem

217 1891 338 1951 auctor
358 1905 436 1951 eam
450 1884 616 1972 nrampia
631 1883 784 1971 quadam
801 1881 1046 1968 indignatione
1069 1887 1165 1949 vocat
1189 1889 1346 1968 βδέλυγμα
1368 1885 1550 1971 ἐρημώσεως

216 1989 510 2075 abominationem
536 1988 749 2069 vastationis,
772 2008 844 2055 rem
863 1988 937 2054 seil.
959 2010 1065 2077 quam
1087 1986 1233 2055 maxime
1263 1988 1549 2071 abominabilem,

216 2118 284 2185 qua
296 2095 438 2164 vastatio
449 2095 671 2163 exhibeturet
679 2094 888 2161 declaratur.
898 2093 998 2161 Notio
1006 2092 1215 2183 deprompta
1225 2100 1276 2161 est
1283 2116 1323 2161 er
1336 2099 1420 2162 Dan.
1435 2101 1548 2179 ll,3l,

216 2202 278 2269 ubi
301 2203 348 2269 66·
364 2202 605 2293 profanatione
624 2200 812 2267 sanctuarii
833 2199 960 2287 agitur.
979 2200 1118 2287 Legitur
1138 2205 1159 2266 6
1178 2200 1361 2282 11661666
1383 2202 1549 2291 templum

215 2309 251 2376 in
266 2308 352 2377 urbe
372 2309 652 2396 cognominatum
673 2328 745 2373 esse
767 2306 855 2373 Iovis
874 2304 1040 2395 Olympii;
1064 2305 1157 2373 unde
1177 2305 1288 2396 aliqui
1308 2307 1550 2377 concluserunt

215 2415 347 2483 idolum
368 2415 456 2483 Iovis
471 2434 543 2482 esse
559 2412 710 2503 positum
725 2412 764 2479 in
778 2409 881 2479 altari
894 2411 970 2494 Dei;
988 2410 1026 2477 id
1040 2412 1124 2498 vulg
1137 2410 1253 2480 innuit
1273 2412 1548 2481 abominandum

213 2520 346 2589 idolum
368 2518 591 2589 desolationis
613 2525 646 2586 et
660 2520 709 2585 ita
722 2518 827 2585 refert
846 2518 1073 2604 Hieronymus
1096 2521 1142 2602 (in
1164 2523 1246 2585 Itan.
1266 2523 1346 2601 8,1t
1372 2526 1406 2587 et
1428 2527 1544 2602 11,31;

217 2632 262 2695 M.
288 2634 426 2711 65,53“1.
451 2626 550 2715 569);
573 2647 692 2693 verum
717 2624 920 2691 66611666.
944 2629 1001 2703 6,6
1024 2623 1062 2689 id
1084 2644 1156 2690 non
1176 2623 1343 2713 sequitur,
1366 2647 1478 2714 neque
1501 2626 1546 2693 ad

213 2741 341 2802 textum
368 2740 521 2801 nostrum
546 2732 694 2821 quadrat
720 2730 815 2819 (nam
846 2728 1030 2796 aedificare
1056 2750 1127 2796 non
1157 2728 1284 2797 dicitur
1310 2730 1351 2798 de
1378 2731 1547 2818 erigenda

213 2842 339 2931 statua)
356 2863 470 2930 neque
485 2839 530 2907 ad
544 2861 576 2904 ν.
594 2845 649 2905 66.

258 2952 293 3015 16
302 2948 501 3015 narratione
519 2968 549 3011 v.
566 2952 608 3013 57
628 2950 661 3011 et
676 2949 718 3010 66
740 2943 810 3010 666
829 2938 988 3032 tempora
1008 2946 1042 3009 et
1062 2942 1131 3010 duo
1155 2947 1296 3010 eventus
1317 2944 1407 3012 clare
1424 2944 1546 3014 distin-

211 3062 367 3142 guuntur
383 3076 390 3122 :
409 3053 465 3120 die
481 3060 522 3119 15
539 3048 786 3119 aedificabatur
801 3049 923 3130 altare,
944 3048 1000 3115 die
1019 3054 1062 3116 65
1076 3048 1113 3116 in
1130 3072 1170 3116 eo
1186 3048 1394 3118 offerebatur
1414 3052 1545 3120 sacrifi-

211 3138 314 3230 cium.
330 3159 559 3228 Nihilominus
581 3158 651 3224 iam
673 3161 805 3223 veteres
827 3154 939 3244 aliqui
963 3157 1185 3245 (Hoecbiqant,
1208 3155 1352 3246 Celeret)
1372 3163 1405 3224 et
1425 3182 1540 3227 recen-

210 3267 315 3335 tiores
332 3267 405 3356 (Gr.
424 3266 499 3355 Kc.)
518 3264 639 3332 volunt
654 3267 799 3352 utroque
816 3262 891 3328 loco
906 3260 1093 3347 legendum
1110 3283 1181 3327 esse
1201 3266 1319 3328 contra
1341 3265 1411 3329 lere
1426 3286 1544 3332 omnes

210 3380 309 3443 testes
331 3374 388 3441 die
409 3380 471 3456 253
491 3372 550 3439 sed
570 3374 651 3438 enr‘t
668 3369 785 3438 dieunt
808 3367 845 3435 id
866 3368 1029 3456 consequi
1051 3389 1091 3433 ex
1113 3375 1129 3434 1
1155 3366 1261 3433 IIach.
1279 3372 1371 3447 I,52.
1393 3374 1447 3436 st.
1476 3372 1542 3437 Sed

210 3480 260 3547 ibi
287 3479 398 3548 solnm
425 3479 553 3547 dieitur
575 3476 782 3545 sacrificium
811 3473 1003 3541 secundum
1034 3472 1149 3559 legem
1176 3495 1248 3541 esse
1280 3473 1435 3542 oblatum
1466 3484 1542 3566 post

211 3586 397 3655 triennium
419 3585 542 3653 eodem
565 3583 621 3652 die
646 3590 700 3650 65.
724 3603 792 3670 quo
814 3579 1096 3647 contaminarunt
1116 3578 1206 3645 illud
1229 3587 1365 3666 gentes3
1387 3580 1423 3647 id
1446 3585 1541 3673 quod

209 3716 318 3783 aeque
332 3694 433 3775 bene,
451 3692 521 3758 imo
537 3690 582 3757 oh
603 3689 809 3755 mentionem
830 3685 986 3753 sacrificii
999 3684 1113 3774 potius
1127 3686 1274 3751 retertur
1290 3687 1332 3753 66
1354 3690 1538 3757 maximam

208 3799 305 3868 illam
321 3798 661 3875 contaminationem,
680 3793 774 3884 quod
789 3815 893 3883 super
908 3793 1016 3859 altare
1028 3790 1161 3858 Domini
1173 3812 1245 3857 non
1258 3791 1369 3859 solum
1382 3815 1443 3860 ara
1457 3794 1540 3861 idoli

209 3906 389 3975 aedificata
404 3908 460 3984 su,
477 3926 596 3972 verum
615 3906 651 3969 in
663 3924 703 3969 ea
718 3900 857 3988 impura
871 3898 990 3965 oblata
1004 3897 1072 3964 sint
1086 3897 1265 3964 sacrificia.
1282 3899 1364 3965 Dein
1378 3898 1473 3967 aliud
1488 3907 1540 3968 est

207 4013 403 4095 aedificare,
421 4011 517 4079 aliud
532 4012 668 4091 oil'erre3
687 4029 799 4097 neque
816 4006 885 4073 ulla
901 4004 1055 4072 cernitur
1071 4004 1158 4070 ratio
1174 4026 1235 4072 cur
1249 4004 1277 4071 si
1293 4004 1335 4072 66
1350 4006 1471 4074 eodem
1484 4008 1540 4075 die

207 4124 293 4186 esset
313 4114 481 4201 nairatio,
499 4126 619 4185 auctor
635 4137 706 4182 non
728 4116 878 4181 secundo
901 4111 977 4178 loco
997 4110 1188 4200 scripsisset
1208 4112 1329 4179 eodem
1349 4112 1417 4181 die.
1437 4119 1539 4183 Porro

207 4224 299 4315 quod
320 4228 381 4294 Gr.
405 4230 540 4303 monet,
559 4227 781 4313 praeceptum
797 4241 867 4287 esse
883 4218 928 4285 ab
943 4218 1130 4314 Antiocho,
1149 4223 1186 4285 ut
1201 4217 1346 4304 singulis
1364 4220 1539 4289 mensibus

206 4331 262 4399 die
282 4338 325 4398 66
339 4332 377 4398 in
397 4354 456 4398 ara
469 4329 556 4397 idoli
580 4330 773 4406 offerretur,
789 4325 827 4391 id
845 4346 917 4393 non
932 4331 983 4391 est
998 4323 1143 4404 adrem,
1168 4326 1248 4413 quia
1262 4324 1298 4391 in
1312 4346 1344 4392 v,
1365 4333 1407 4392 57
1423 4327 1539 4412 agitur

205 4438 247 4505 de
260 4437 475 4505 aedificanda
484 4456 561 4514 ara3
575 4436 604 4502 si
616 4456 697 4503 vero
710 4433 874 4521 Iosephus
885 4432 1004 4499 scribit
1016 4432 1223 4499 Antiochum
1237 4430 1401 4498 invasisse
1416 4432 1536 4500 urbem

204 4544 260 4611 die
277 4552 332 4625 65,
350 4544 500 4611 nondum
516 4542 684 4632 probatur
700 4561 777 4607 eum
793 4538 830 4606 in
847 4546 993 4628 utroque
1007 4537 1081 4603 loco
1095 4536 1219 4623 legisse
1234 4536 1327 4603 diem
1342 4544 1397 4605 65.
1418 4543 1537 4607 Annus

206 4656 269 4718 165
291 4650 549 4719 Seleucidarum
573 4654 623 4715 est
646 4668 755 4714 annus
784 4651 849 4712 168
873 4667 905 4711 a.
929 4645 988 4711 Ch.
1013 4648 1141 4729 Regem
1168 4644 1257 4709 circa
1282 4641 1375 4709 idern
1399 4651 1536 4736 tempus

202 4756 349 4826 adfuisse
375 4756 411 4824 in
428 4755 630 4835 Ierusalem,
648 4750 866 4820 concluditur
887 4774 928 4819 ex
955 4758 975 4817 6
1004 4750 1108 4817 blech.
1133 4755 1153 4815 I
1180 4749 1236 4839 (cl.
1265 4752 1359 4818 Patr.
1381 4773 1415 4841 p.
1441 4754 1531 4843 166).
