<?xml version="1.0" encoding="UTF-8"?>
<!DOCTYPE html PUBLIC "-//W3C//DTD XHTML 1.0 Transitional//EN"
    "http://www.w3.org/TR/xhtml1/DTD/xhtml1-transitional.dtd">
<html xmlns="http://www.w3.org/1999/xhtml" xml:lang="en" lang="en">
 <head>
  <title>
</title>
<meta http-equiv="Content-Type" content="text/html;charset=utf-8" />
  <meta name='ocr-system' content='tesseract 3.04.00' />
  <meta name='ocr-capabilities' content='ocr_page ocr_carea ocr_par ocr_line ocrx_word'/>
</head>
<body>
  <div class='ocr_page' id='page_1' title='image "./commentariusind00knabgoog/commentariusind00knabgoog_0068.png"; bbox 0 0 3625 5367; ppageno 0'>
   <div class='ocr_carea' id='block_1_1' title="bbox 217 272 1012 348">
    <p class='ocr_par' dir='ltr' id='par_1_1' title="bbox 217 272 1012 348">
     <span class='ocr_line' id='line_1_1' title="bbox 217 272 1012 348; baseline -0.01 -10"><span class='ocrx_word' id='word_1_1' title='bbox 217 280 258 339; x_wconf 78' lang='lat'>54</span> <span class='ocrx_word' id='word_1_2' title='bbox 760 273 790 334; x_wconf 99' lang='grc'>1.</span> <span class='ocrx_word' id='word_1_3' title='bbox 813 288 905 334; x_wconf 82' lang='lat' dir='ltr'>uscu.</span> <span class='ocrx_word' id='word_1_4' title='bbox 930 272 1012 348; x_wconf 83' lang='lat' dir='ltr'>1‚3o.</span> 
     </span>
    </p>
   </div>
   <div class='ocr_carea' id='block_1_2' title="bbox 214 416 1556 1212">
    <p class='ocr_par' dir='ltr' id='par_1_2' title="bbox 214 416 1556 1212">
     <span class='ocr_line' id='line_1_2' title="bbox 220 416 1553 501; baseline -0.002 -21"><span class='ocrx_word' id='word_1_5' title='bbox 220 428 299 481; x_wconf 79' lang='lat' dir='ltr'>lieres</span> <span class='ocrx_word' id='word_1_6' title='bbox 314 435 337 479; x_wconf 87' lang='lat' dir='ltr'>et</span> <span class='ocrx_word' id='word_1_7' title='bbox 349 433 427 480; x_wconf 85' lang='lat' dir='ltr'><strong><em>notos</em></strong></span> <span class='ocrx_word' id='word_1_8' title='bbox 439 434 464 478; x_wconf 85' lang='lat' dir='ltr'>ei</span> <span class='ocrx_word' id='word_1_9' title='bbox 475 439 572 494; x_wconf 83' lang='lat' dir='ltr'>pecore</span> <span class='ocrx_word' id='word_1_10' title='bbox 582 426 766 493; x_wconf 82' lang='lat' dir='ltr'>possederunt.</span> <span class='ocrx_word' id='word_1_11' title='bbox 779 426 823 479; x_wconf 81' lang='lat'>35.</span> <span class='ocrx_word' id='word_1_12' title='bbox 871 429 999 501; x_wconf 87' lang='grc' dir='ltr'>γυναῖκας</span> <span class='ocrx_word' id='word_1_13' title='bbox 1012 420 1059 481; x_wconf 76' lang='grc' dir='ltr'>καὶ</span> <span class='ocrx_word' id='word_1_14' title='bbox 1076 419 1111 481; x_wconf 75' lang='grc' dir='ltr'>τὰ</span> <span class='ocrx_word' id='word_1_15' title='bbox 1129 420 1210 483; x_wconf 75' lang='grc' dir='ltr'>τέκνα</span> <span class='ocrx_word' id='word_1_16' title='bbox 1228 418 1275 481; x_wconf 74' lang='grc' dir='ltr'>καὶ</span> <span class='ocrx_word' id='word_1_17' title='bbox 1293 419 1328 480; x_wconf 71' lang='grc' dir='ltr'>τὰ</span> <span class='ocrx_word' id='word_1_18' title='bbox 1342 416 1427 492; x_wconf 77' lang='grc' dir='ltr'>κτήνη</span> <span class='ocrx_word' id='word_1_19' title='bbox 1443 420 1553 499; x_wconf 77' lang='grc' dir='ltr'>ύκληρο-</span> 
     </span>
     <span class='ocr_line' id='line_1_3' title="bbox 218 507 1554 593; baseline -0.003 -24"><span class='ocrx_word' id='word_1_20' title='bbox 218 519 251 569; x_wconf 82' lang='lat' dir='ltr'>Et</span> <span class='ocrx_word' id='word_1_21' title='bbox 268 518 478 583; x_wconf 77' lang='lat' dir='ltr'>oedificooernnt</span> <span class='ocrx_word' id='word_1_22' title='bbox 497 517 634 567; x_wconf 84' lang='lat' dir='ltr'>ciuitatem</span> <span class='ocrx_word' id='word_1_23' title='bbox 647 516 733 567; x_wconf 74' lang='grc' dir='ltr'>Πανία</span> <span class='ocrx_word' id='word_1_24' title='bbox 749 529 825 566; x_wconf 81' lang='lat' dir='ltr'>muro</span> <span class='ocrx_word' id='word_1_25' title='bbox 872 510 1005 587; x_wconf 82' lang='grc' dir='ltr'>νύμησαν.</span> <span class='ocrx_word' id='word_1_26' title='bbox 1023 512 1072 573; x_wconf 89' lang='grc'>33.</span> <span class='ocrx_word' id='word_1_27' title='bbox 1089 513 1142 571; x_wconf 82' lang='grc' dir='ltr'>Καὶ</span> <span class='ocrx_word' id='word_1_28' title='bbox 1156 509 1332 593; x_wconf 75' lang='grc' dir='ltr'>ᾠκοδόμησαν</span> <span class='ocrx_word' id='word_1_29' title='bbox 1348 507 1396 580; x_wconf 80' lang='grc' dir='ltr'>τλν</span> <span class='ocrx_word' id='word_1_30' title='bbox 1411 509 1488 567; x_wconf 86' lang='grc' dir='ltr'>πόλιν</span> <span class='ocrx_word' id='word_1_31' title='bbox 1501 512 1554 568; x_wconf 83' lang='lat' dir='ltr'>Ao·</span> 
     </span>
     <span class='ocr_line' id='line_1_4' title="bbox 219 597 1555 683; baseline -0.002 -25"><span class='ocrx_word' id='word_1_32' title='bbox 219 622 317 671; x_wconf 70' lang='lat' dir='ltr'><strong><em>nonno</em></strong></span> <span class='ocrx_word' id='word_1_33' title='bbox 330 614 354 659; x_wconf 84' lang='lat' dir='ltr'>et</span> <span class='ocrx_word' id='word_1_34' title='bbox 364 608 440 673; x_wconf 76' lang='lat' dir='ltr'><strong><em>{inmo</em></strong></span> <span class='ocrx_word' id='word_1_35' title='bbox 455 613 479 656; x_wconf 85' lang='lat' dir='ltr'>ct</span> <span class='ocrx_word' id='word_1_36' title='bbox 490 602 612 657; x_wconf 80' lang='lat' dir='ltr'>torridus</span> <span class='ocrx_word' id='word_1_37' title='bbox 622 606 707 671; x_wconf 73' lang='lat' dir='ltr'>firmis</span> <span class='ocrx_word' id='word_1_38' title='bbox 717 610 741 655; x_wconf 88' lang='lat' dir='ltr'>et</span> <span class='ocrx_word' id='word_1_39' title='bbox 751 604 826 683; x_wconf 67' lang='lat' dir='ltr'><strong><em>[octo</em></strong></span> <span class='ocrx_word' id='word_1_40' title='bbox 871 599 915 659; x_wconf 83' lang='grc' dir='ltr'>υλδ</span> <span class='ocrx_word' id='word_1_41' title='bbox 925 598 1009 680; x_wconf 79' lang='grc' dir='ltr'>τείχει</span> <span class='ocrx_word' id='word_1_42' title='bbox 1025 600 1134 678; x_wconf 76' lang='grc' dir='ltr'>μεγάλῳ</span> <span class='ocrx_word' id='word_1_43' title='bbox 1145 598 1192 659; x_wconf 83' lang='grc' dir='ltr'>καλ</span> <span class='ocrx_word' id='word_1_44' title='bbox 1206 601 1307 679; x_wconf 80' lang='grc' dir='ltr'>ὀχυρῷ,</span> <span class='ocrx_word' id='word_1_45' title='bbox 1330 597 1436 678; x_wconf 79' lang='grc' dir='ltr'>πύργοις</span> <span class='ocrx_word' id='word_1_46' title='bbox 1450 598 1555 677; x_wconf 78' lang='grc' dir='ltr'>ὀχυροῖς</span> 
     </span>
     <span class='ocr_line' id='line_1_5' title="bbox 214 683 1555 767; baseline -0.004 -20"><span class='ocrx_word' id='word_1_47' title='bbox 214 704 256 751; x_wconf 69' lang='grc' dir='ltr'>,σοι</span> <span class='ocrx_word' id='word_1_48' title='bbox 273 696 331 747; x_wconf 88' lang='lat' dir='ltr'><strong><em>iliis</em></strong></span> <span class='ocrx_word' id='word_1_49' title='bbox 346 697 377 746; x_wconf 88' lang='lat' dir='ltr'><strong><em>tn</em></strong></span> <span class='ocrx_word' id='word_1_50' title='bbox 390 708 490 757; x_wconf 83' lang='lat' dir='ltr'>orccm;</span> <span class='ocrx_word' id='word_1_51' title='bbox 506 696 548 747; x_wconf 86' lang='grc'>36,</span> <span class='ocrx_word' id='word_1_52' title='bbox 565 702 590 745; x_wconf 87' lang='lat' dir='ltr'>et</span> <span class='ocrx_word' id='word_1_53' title='bbox 603 700 751 759; x_wconf 76' lang='lat' dir='ltr'>potnerunt</span> <span class='ocrx_word' id='word_1_54' title='bbox 766 690 826 743; x_wconf 83' lang='lat' dir='ltr'>illic</span> <span class='ocrx_word' id='word_1_55' title='bbox 872 688 918 748; x_wconf 79' lang='grc' dir='ltr'>καλ</span> <span class='ocrx_word' id='word_1_56' title='bbox 933 689 1037 766; x_wconf 66' lang='grc' dir='ltr'>ἐγένετο</span> <span class='ocrx_word' id='word_1_57' title='bbox 1051 689 1139 756; x_wconf 79' lang='grc' dir='ltr'>αὐτοῖς</span> <span class='ocrx_word' id='word_1_58' title='bbox 1154 690 1190 755; x_wconf 73' lang='lat' dir='ltr'>el&lt;</span> <span class='ocrx_word' id='word_1_59' title='bbox 1205 688 1303 767; x_wconf 72' lang='grc' dir='ltr'>ἄκραν.</span> <span class='ocrx_word' id='word_1_60' title='bbox 1323 688 1373 747; x_wconf 76' lang='lat' dir='ltr'>dl.</span> <span class='ocrx_word' id='word_1_61' title='bbox 1392 686 1447 747; x_wconf 77' lang='lat' dir='ltr'>Act</span> <span class='ocrx_word' id='word_1_62' title='bbox 1458 683 1555 759; x_wconf 75' lang='grc' dir='ltr'>ἔθηκαν</span> 
     </span>
     <span class='ocr_line' id='line_1_6' title="bbox 219 775 1556 857; baseline -0.004 -22"><span class='ocrx_word' id='word_1_63' title='bbox 219 793 322 851; x_wconf 74' lang='lat' dir='ltr'>pentem</span> <span class='ocrx_word' id='word_1_64' title='bbox 344 786 530 850; x_wconf 77' lang='lat' dir='ltr'>peccatrice-m,</span> <span class='ocrx_word' id='word_1_65' title='bbox 556 786 629 834; x_wconf 77' lang='lat' dir='ltr'>viror</span> <span class='ocrx_word' id='word_1_66' title='bbox 653 784 776 846; x_wconf 81' lang='lat' dir='ltr'><strong><em>iniquos,</em></strong></span> <span class='ocrx_word' id='word_1_67' title='bbox 802 788 826 832; x_wconf 86' lang='lat' dir='ltr'>et</span> <span class='ocrx_word' id='word_1_68' title='bbox 872 779 927 838; x_wconf 67' lang='lat' dir='ltr'>hai</span> <span class='ocrx_word' id='word_1_69' title='bbox 950 778 1021 845; x_wconf 80' lang='grc' dir='ltr'>ἔθνος</span> <span class='ocrx_word' id='word_1_70' title='bbox 1044 776 1218 857; x_wconf 74' lang='grc' dir='ltr'><strong>ἁμαρτωλὸν,</strong></span> <span class='ocrx_word' id='word_1_71' title='bbox 1249 776 1346 856; x_wconf 72' lang='grc' dir='ltr'>ἄνδρας</span> <span class='ocrx_word' id='word_1_72' title='bbox 1376 775 1556 853; x_wconf 78' lang='grc' dir='ltr'>παρανόμους,</span> 
     </span>
     <span class='ocr_line' id='line_1_7' title="bbox 219 862 1555 947; baseline -0.003 -21"><span class='ocrx_word' id='word_1_73' title='bbox 219 874 414 926; x_wconf 75' lang='lat' dir='ltr'>convaluerunt</span> <span class='ocrx_word' id='word_1_74' title='bbox 432 874 463 924; x_wconf 86' lang='lat' dir='ltr'><strong><em>tn</em></strong></span> <span class='ocrx_word' id='word_1_75' title='bbox 482 886 522 937; x_wconf 87' lang='lat' dir='ltr'>eo,</span> <span class='ocrx_word' id='word_1_76' title='bbox 544 880 568 923; x_wconf 85' lang='lat' dir='ltr'>et</span> <span class='ocrx_word' id='word_1_77' title='bbox 586 878 734 938; x_wconf 81' lang='lat' dir='ltr'>posuerunt</span> <span class='ocrx_word' id='word_1_78' title='bbox 750 884 827 921; x_wconf 82' lang='lat' dir='ltr'>ormo</span> <span class='ocrx_word' id='word_1_79' title='bbox 872 867 918 927; x_wconf 77' lang='grc' dir='ltr'>καὶ</span> <span class='ocrx_word' id='word_1_80' title='bbox 940 867 1081 947; x_wconf 71' lang='grc' dir='ltr'>ἰνύσχυσαν</span> <span class='ocrx_word' id='word_1_81' title='bbox 1109 868 1135 925; x_wconf 75' lang='grc' dir='ltr'>ἐν</span> <span class='ocrx_word' id='word_1_82' title='bbox 1158 868 1238 943; x_wconf 82' lang='grc' dir='ltr'>αὐτῇ,</span> <span class='ocrx_word' id='word_1_83' title='bbox 1261 867 1311 926; x_wconf 88' lang='grc'>35.</span> <span class='ocrx_word' id='word_1_84' title='bbox 1336 864 1382 922; x_wconf 83' lang='grc' dir='ltr'>καὶ</span> <span class='ocrx_word' id='word_1_85' title='bbox 1410 862 1555 943; x_wconf 78' lang='grc' dir='ltr'>παρύθιντο</span> 
     </span>
     <span class='ocr_line' id='line_1_8' title="bbox 220 951 1555 1034; baseline -0.003 -20"><span class='ocrx_word' id='word_1_86' title='bbox 220 970 244 1014; x_wconf 85' lang='lat' dir='ltr'>et</span> <span class='ocrx_word' id='word_1_87' title='bbox 257 978 328 1015; x_wconf 81' lang='lat' dir='ltr'>eccos</span> <span class='ocrx_word' id='word_1_88' title='bbox 347 969 372 1013; x_wconf 88' lang='lat' dir='ltr'>et</span> <span class='ocrx_word' id='word_1_89' title='bbox 391 969 620 1027; x_wconf 72' lang='lat' dir='ltr'>concrepaverunt</span> <span class='ocrx_word' id='word_1_90' title='bbox 639 961 728 1027; x_wconf 83' lang='lat' dir='ltr'>spolio</span> <span class='ocrx_word' id='word_1_91' title='bbox 750 962 827 1012; x_wconf 84' lang='lat' dir='ltr'>lern-</span> <span class='ocrx_word' id='word_1_92' title='bbox 872 955 942 1018; x_wconf 77' lang='grc' dir='ltr'>ὅπλα</span> <span class='ocrx_word' id='word_1_93' title='bbox 957 955 1003 1015; x_wconf 76' lang='grc' dir='ltr'>καὶ</span> <span class='ocrx_word' id='word_1_94' title='bbox 1022 953 1135 1034; x_wconf 58' lang='lat' dir='ltr'>epoche,</span> <span class='ocrx_word' id='word_1_95' title='bbox 1155 956 1201 1013; x_wconf 82' lang='grc' dir='ltr'>καὶ</span> <span class='ocrx_word' id='word_1_96' title='bbox 1215 953 1406 1031; x_wconf 79' lang='grc' dir='ltr'>συναγαγόντες</span> <span class='ocrx_word' id='word_1_97' title='bbox 1419 951 1454 1011; x_wconf 75' lang='grc' dir='ltr'>τὰ</span> <span class='ocrx_word' id='word_1_98' title='bbox 1469 954 1555 1012; x_wconf 78' lang='grc' dir='ltr'>σκῦλα</span> 
     </span>
     <span class='ocr_line' id='line_1_9' title="bbox 218 1039 1556 1126; baseline -0.003 -23"><span class='ocrx_word' id='word_1_99' title='bbox 218 1052 311 1113; x_wconf 81' lang='lat' dir='ltr'>colem,</span> <span class='ocrx_word' id='word_1_100' title='bbox 334 1051 377 1103; x_wconf 89' lang='grc'>37.</span> <span class='ocrx_word' id='word_1_101' title='bbox 399 1048 423 1101; x_wconf 88' lang='lat' dir='ltr'>et</span> <span class='ocrx_word' id='word_1_102' title='bbox 442 1059 619 1117; x_wconf 77' lang='lat' dir='ltr'>reposuerant</span> <span class='ocrx_word' id='word_1_103' title='bbox 637 1050 697 1102; x_wconf 86' lang='lat' dir='ltr'><strong><em>iilic</em></strong></span> <span class='ocrx_word' id='word_1_104' title='bbox 716 1058 740 1101; x_wconf 87' lang='lat' dir='ltr'>ct</span> <span class='ocrx_word' id='word_1_105' title='bbox 760 1049 827 1117; x_wconf 73' lang='lat' dir='ltr'><strong><em>socii</em></strong></span> <span class='ocrx_word' id='word_1_106' title='bbox 873 1042 1050 1126; x_wconf 73' lang='grc' dir='ltr'>Ἰερουσαλὴμ</span> <span class='ocrx_word' id='word_1_107' title='bbox 1074 1043 1203 1104; x_wconf 69' lang='grc' dir='ltr'>ἀσέθιντο</span> <span class='ocrx_word' id='word_1_108' title='bbox 1223 1042 1279 1103; x_wconf 73' lang='grc' dir='ltr'>ἐκεῖ</span> <span class='ocrx_word' id='word_1_109' title='bbox 1304 1042 1349 1101; x_wconf 83' lang='grc' dir='ltr'>καὶ</span> <span class='ocrx_word' id='word_1_110' title='bbox 1377 1039 1496 1117; x_wconf 70' lang='grc' dir='ltr'>ἐγένοντο</span> <span class='ocrx_word' id='word_1_111' title='bbox 1519 1042 1556 1107; x_wconf 77' lang='grc' dir='ltr'>εἷς</span> 
     </span>
     <span class='ocr_line' id='line_1_10' title="bbox 218 1132 1120 1212; baseline 0.003 -22"><span class='ocrx_word' id='word_1_112' title='bbox 218 1148 282 1191; x_wconf 78' lang='lat' dir='ltr'><strong><em>cunt</em></strong></span> <span class='ocrx_word' id='word_1_113' title='bbox 297 1142 328 1190; x_wconf 84' lang='lat' dir='ltr'>in</span> <span class='ocrx_word' id='word_1_114' title='bbox 344 1140 468 1205; x_wconf 79' lang='lat' dir='ltr'>loqueum</span> <span class='ocrx_word' id='word_1_115' title='bbox 482 1154 619 1205; x_wconf 78' lang='lat' dir='ltr'><strong><em>mopnnm.</em></strong></span> <span class='ocrx_word' id='word_1_116' title='bbox 874 1134 995 1212; x_wconf 77' lang='grc' dir='ltr'>μιγύλην</span> <span class='ocrx_word' id='word_1_117' title='bbox 1009 1132 1120 1211; x_wconf 72' lang='grc' dir='ltr'>παγίδα.</span> 
     </span>
    </p>
   </div>
   <div class='ocr_carea' id='block_1_3' title="bbox 220 1306 1559 2451">
    <p class='ocr_par' dir='ltr' id='par_1_3' title="bbox 220 1306 1559 2451">
     <span class='ocr_line' id='line_1_11' title="bbox 220 1306 1555 1388; baseline -0.004 -18"><span class='ocrx_word' id='word_1_118' title='bbox 220 1318 263 1371; x_wconf 82' lang='grc'>38.</span> <span class='ocrx_word' id='word_1_119' title='bbox 277 1320 311 1369; x_wconf 72' lang='lat' dir='ltr'>Et</span> <span class='ocrx_word' id='word_1_120' title='bbox 321 1318 422 1385; x_wconf 68' lang='lat' dir='ltr'>[ectum</span> <span class='ocrx_word' id='word_1_121' title='bbox 437 1326 473 1369; x_wconf 84' lang='lat' dir='ltr'>cst</span> <span class='ocrx_word' id='word_1_122' title='bbox 486 1320 533 1369; x_wconf 81' lang='lat' dir='ltr'>hoc</span> <span class='ocrx_word' id='word_1_123' title='bbox 546 1319 580 1368; x_wconf 87' lang='lat' dir='ltr'>od</span> <span class='ocrx_word' id='word_1_124' title='bbox 595 1318 713 1369; x_wconf 75' lang='lat' dir='ltr'>insidias</span> <span class='ocrx_word' id='word_1_125' title='bbox 728 1318 828 1368; x_wconf 86' lang='lat' dir='ltr'><strong><em>soncti-</em></strong></span> <span class='ocrx_word' id='word_1_126' title='bbox 915 1313 963 1373; x_wconf 84' lang='grc'>36.</span> <span class='ocrx_word' id='word_1_127' title='bbox 988 1310 1044 1371; x_wconf 78' lang='grc' dir='ltr'>Καὶ</span> <span class='ocrx_word' id='word_1_128' title='bbox 1062 1310 1164 1387; x_wconf 78' lang='grc' dir='ltr'>ἐγένετο</span> <span class='ocrx_word' id='word_1_129' title='bbox 1186 1310 1222 1376; x_wconf 73' lang='lat' dir='ltr'>cl&lt;</span> <span class='ocrx_word' id='word_1_130' title='bbox 1233 1307 1338 1388; x_wconf 79' lang='grc' dir='ltr'>ἔνιδρον</span> <span class='ocrx_word' id='word_1_131' title='bbox 1351 1309 1391 1387; x_wconf 81' lang='grc' dir='ltr'>τῷ</span> <span class='ocrx_word' id='word_1_132' title='bbox 1407 1306 1555 1386; x_wconf 78' lang='grc' dir='ltr'>ἇγιύσματι</span> 
     </span>
     <span class='ocr_line' id='line_1_12' title="bbox 308 1392 1556 1479; baseline -0.003 -22"><span class='ocrx_word' id='word_1_133' title='bbox 308 1407 430 1472; x_wconf 61' lang='lat' dir='ltr'><strong><em>pontioni</em></strong></span> <span class='ocrx_word' id='word_1_134' title='bbox 874 1400 921 1461; x_wconf 79' lang='grc' dir='ltr'>καλ</span> <span class='ocrx_word' id='word_1_135' title='bbox 949 1401 985 1467; x_wconf 82' lang='grc' dir='ltr'>οἷς</span> <span class='ocrx_word' id='word_1_136' title='bbox 1009 1397 1133 1459; x_wconf 78' lang='grc' dir='ltr'>διύύολον</span> <span class='ocrx_word' id='word_1_137' title='bbox 1155 1396 1279 1479; x_wconf 68' lang='grc' dir='ltr'>πονηρὸν</span> <span class='ocrx_word' id='word_1_138' title='bbox 1307 1399 1347 1476; x_wconf 77' lang='grc' dir='ltr'>τῷ</span> <span class='ocrx_word' id='word_1_139' title='bbox 1375 1393 1487 1474; x_wconf 70' lang='grc' dir='ltr'>Ἰσραὴλ</span> <span class='ocrx_word' id='word_1_140' title='bbox 1511 1392 1556 1454; x_wconf 79' lang='grc' dir='ltr'>διὰ</span> 
     </span>
     <span class='ocr_line' id='line_1_13' title="bbox 292 1490 985 1556; baseline 0.006 -11"><span class='ocrx_word' id='word_1_141' title='bbox 292 1502 316 1545; x_wconf 85' lang='grc' dir='ltr'>οι</span> <span class='ocrx_word' id='word_1_142' title='bbox 331 1497 362 1545; x_wconf 87' lang='lat' dir='ltr'><strong><em>tn</em></strong></span> <span class='ocrx_word' id='word_1_143' title='bbox 376 1494 515 1546; x_wconf 80' lang='lat' dir='ltr'>diabolum</span> <span class='ocrx_word' id='word_1_144' title='bbox 527 1494 627 1546; x_wconf 82' lang='lat' dir='ltr'><strong><em>moiun</em></strong></span> <span class='ocrx_word' id='word_1_145' title='bbox 642 1496 673 1545; x_wconf 90' lang='lat' dir='ltr'>in</span> <span class='ocrx_word' id='word_1_146' title='bbox 685 1496 772 1546; x_wconf 84' lang='lat' dir='ltr'>lsrael</span> <span class='ocrx_word' id='word_1_147' title='bbox 779 1508 789 1556; x_wconf 77' lang='lat'>,¹</span> <span class='ocrx_word' id='word_1_148' title='bbox 874 1490 985 1555; x_wconf 87' lang='grc' dir='ltr'>παντός.</span> 
     </span>
     <span class='ocr_line' id='line_1_14' title="bbox 222 1566 1557 1655; baseline -0.004 -19"><span class='ocrx_word' id='word_1_149' title='bbox 222 1585 268 1637; x_wconf 85' lang='grc'>39.</span> <span class='ocrx_word' id='word_1_150' title='bbox 283 1592 308 1635; x_wconf 87' lang='lat' dir='ltr'>et</span> <span class='ocrx_word' id='word_1_151' title='bbox 318 1582 474 1651; x_wconf 66' lang='lat' dir='ltr'>effuderant</span> <span class='ocrx_word' id='word_1_152' title='bbox 487 1585 648 1648; x_wconf 68' lang='lat' dir='ltr'>sanquinem</span> <span class='ocrx_word' id='word_1_153' title='bbox 663 1585 829 1635; x_wconf 69' lang='lat' dir='ltr'><strong><em>innocentem</em></strong></span> <span class='ocrx_word' id='word_1_154' title='bbox 875 1581 925 1641; x_wconf 81' lang='grc'>37.</span> <span class='ocrx_word' id='word_1_155' title='bbox 948 1576 995 1637; x_wconf 84' lang='grc' dir='ltr'>καὶ</span> <span class='ocrx_word' id='word_1_156' title='bbox 1009 1575 1115 1655; x_wconf 74' lang='grc' dir='ltr'>ἐξέχεαν</span> <span class='ocrx_word' id='word_1_157' title='bbox 1127 1566 1195 1653; x_wconf 83' lang='grc' dir='ltr'>αἷμα</span> <span class='ocrx_word' id='word_1_158' title='bbox 1211 1576 1295 1635; x_wconf 78' lang='grc' dir='ltr'>ἀθῶον</span> <span class='ocrx_word' id='word_1_159' title='bbox 1309 1573 1402 1654; x_wconf 80' lang='grc' dir='ltr'>κύκλῳ</span> <span class='ocrx_word' id='word_1_160' title='bbox 1415 1577 1460 1633; x_wconf 80' lang='grc' dir='ltr'>τοῦ</span> <span class='ocrx_word' id='word_1_161' title='bbox 1476 1572 1557 1651; x_wconf 78' lang='grc' dir='ltr'>ᾰγιύ-</span> 
     </span>
     <span class='ocr_line' id='line_1_15' title="bbox 328 1674 1107 1745; baseline 0.001 -22"><span class='ocrx_word' id='word_1_162' title='bbox 328 1687 378 1739; x_wconf 84' lang='lat' dir='ltr'>per</span> <span class='ocrx_word' id='word_1_163' title='bbox 392 1674 534 1725; x_wconf 83' lang='lat' dir='ltr'><strong><em>circuitum</em></strong></span> <span class='ocrx_word' id='word_1_164' title='bbox 552 1675 787 1740; x_wconf 66' lang='lat' dir='ltr'><strong><em>sanctificationis,</em></strong></span> <span class='ocrx_word' id='word_1_165' title='bbox 996 1688 1107 1745; x_wconf 76' lang='grc' dir='ltr'>σματος,</span> 
     </span>
     <span class='ocr_line' id='line_1_16' title="bbox 293 1752 1340 1832; baseline -0.002 -19"><span class='ocrx_word' id='word_1_166' title='bbox 293 1770 317 1813; x_wconf 87' lang='lat' dir='ltr'>et</span> <span class='ocrx_word' id='word_1_167' title='bbox 354 1764 606 1815; x_wconf 80' lang='lat' dir='ltr'>contaminaverunt</span> <span class='ocrx_word' id='word_1_168' title='bbox 644 1763 830 1827; x_wconf 76' lang='lat' dir='ltr'><strong><em>sanctificatio</em></strong></span> <span class='ocrx_word' id='word_1_169' title='bbox 957 1754 1004 1815; x_wconf 87' lang='grc' dir='ltr'>καὶ</span> <span class='ocrx_word' id='word_1_170' title='bbox 1017 1753 1149 1832; x_wconf 70' lang='grc' dir='ltr'>ἐμόλυναν</span> <span class='ocrx_word' id='word_1_171' title='bbox 1162 1752 1193 1812; x_wconf 78' lang='grc' dir='ltr'>τὸ</span> <span class='ocrx_word' id='word_1_172' title='bbox 1206 1753 1340 1832; x_wconf 77' lang='grc' dir='ltr'>ἃγίασρια,</span> 
     </span>
     <span class='ocr_line' id='line_1_17' title="bbox 329 1864 403 1912; baseline -0.014 -11"><span class='ocrx_word' id='word_1_173' title='bbox 329 1864 403 1912; x_wconf 87' lang='lat' dir='ltr'><strong><em>ncm;</em></strong></span> 
     </span>
     <span class='ocr_line' id='line_1_18' title="bbox 224 1928 1472 2011; baseline -0.002 -21"><span class='ocrx_word' id='word_1_174' title='bbox 224 1938 271 1993; x_wconf 87' lang='grc'>10.</span> <span class='ocrx_word' id='word_1_175' title='bbox 295 1945 320 1989; x_wconf 87' lang='lat' dir='ltr'>ct</span> <span class='ocrx_word' id='word_1_176' title='bbox 341 1938 469 2003; x_wconf 70' lang='lat' dir='ltr'>superent</span> <span class='ocrx_word' id='word_1_177' title='bbox 494 1940 660 1991; x_wconf 77' lang='lat' dir='ltr'>habitatores</span> <span class='ocrx_word' id='word_1_178' title='bbox 685 1940 831 1991; x_wconf 77' lang='lat' dir='ltr'>tonantem</span> <span class='ocrx_word' id='word_1_179' title='bbox 878 1936 927 1995; x_wconf 83' lang='lat'>38.</span> <span class='ocrx_word' id='word_1_180' title='bbox 951 1931 998 1991; x_wconf 86' lang='grc' dir='ltr'>καὶ</span> <span class='ocrx_word' id='word_1_181' title='bbox 1009 1931 1104 2011; x_wconf 74' lang='grc' dir='ltr'>ἕρνγον</span> <span class='ocrx_word' id='word_1_182' title='bbox 1118 1933 1142 1988; x_wconf 91' lang='lat' dir='ltr'>ol</span> <span class='ocrx_word' id='word_1_183' title='bbox 1157 1928 1279 1990; x_wconf 82' lang='grc' dir='ltr'>κύτοικοι</span> <span class='ocrx_word' id='word_1_184' title='bbox 1292 1928 1472 2009; x_wconf 76' lang='grc' dir='ltr'>Ἰερουσαλὴμ</span> 
     </span>
     <span class='ocr_line' id='line_1_19' title="bbox 331 2018 1158 2097; baseline 0 -20"><span class='ocrx_word' id='word_1_185' title='bbox 331 2033 442 2094; x_wconf 82' lang='lat' dir='ltr'>propter</span> <span class='ocrx_word' id='word_1_186' title='bbox 456 2042 498 2078; x_wconf 85' lang='lat' dir='ltr'>eos</span> <span class='ocrx_word' id='word_1_187' title='bbox 999 2020 1033 2079; x_wconf 84' lang='grc' dir='ltr'>δι’</span> <span class='ocrx_word' id='word_1_188' title='bbox 1046 2018 1158 2097; x_wconf 80' lang='grc' dir='ltr'>αὐτούς,</span> 
     </span>
     <span class='ocr_line' id='line_1_20' title="bbox 297 2104 1428 2186; baseline -0.003 -19"><span class='ocrx_word' id='word_1_189' title='bbox 297 2124 322 2167; x_wconf 83' lang='lat' dir='ltr'><strong><em>ci</em></strong></span> <span class='ocrx_word' id='word_1_190' title='bbox 336 2116 411 2182; x_wconf 75' lang='lat' dir='ltr'><strong><em>[octo</em></strong></span> <span class='ocrx_word' id='word_1_191' title='bbox 425 2123 463 2166; x_wconf 86' lang='lat' dir='ltr'>est</span> <span class='ocrx_word' id='word_1_192' title='bbox 478 2117 612 2167; x_wconf 80' lang='lat' dir='ltr'><strong><em>habitatio</em></strong></span> <span class='ocrx_word' id='word_1_193' title='bbox 627 2124 785 2178; x_wconf 79' lang='lat' dir='ltr'>ceterorum,</span> <span class='ocrx_word' id='word_1_194' title='bbox 960 2108 1007 2167; x_wconf 81' lang='grc' dir='ltr'>καὶ</span> <span class='ocrx_word' id='word_1_195' title='bbox 1019 2108 1122 2185; x_wconf 72' lang='grc' dir='ltr'>ἐγένετο</span> <span class='ocrx_word' id='word_1_196' title='bbox 1136 2107 1261 2167; x_wconf 71' lang='grc' dir='ltr'>κατοικία</span> <span class='ocrx_word' id='word_1_197' title='bbox 1274 2104 1428 2186; x_wconf 75' lang='grc' dir='ltr'>ἀλλοτρίων·</span> 
     </span>
     <span class='ocr_line' id='line_1_21' title="bbox 297 2191 1559 2283; baseline -0.004 -28"><span class='ocrx_word' id='word_1_198' title='bbox 297 2213 322 2256; x_wconf 84' lang='lat' dir='ltr'>et</span> <span class='ocrx_word' id='word_1_199' title='bbox 335 2204 410 2283; x_wconf 75' lang='lat' dir='ltr'><strong><em>[octo</em></strong></span> <span class='ocrx_word' id='word_1_200' title='bbox 424 2212 461 2256; x_wconf 84' lang='lat' dir='ltr'>cst</span> <span class='ocrx_word' id='word_1_201' title='bbox 475 2212 564 2256; x_wconf 80' lang='lat' dir='ltr'>cetero</span> <span class='ocrx_word' id='word_1_202' title='bbox 579 2207 675 2255; x_wconf 84' lang='lat' dir='ltr'><strong><em>remini</em></strong></span> <span class='ocrx_word' id='word_1_203' title='bbox 690 2220 747 2267; x_wconf 84' lang='lat' dir='ltr'><strong><em>sno,</em></strong></span> <span class='ocrx_word' id='word_1_204' title='bbox 959 2196 1005 2258; x_wconf 83' lang='grc' dir='ltr'>καλ</span> <span class='ocrx_word' id='word_1_205' title='bbox 1033 2198 1137 2274; x_wconf 69' lang='grc' dir='ltr'>ἐγένετο</span> <span class='ocrx_word' id='word_1_206' title='bbox 1169 2194 1297 2275; x_wconf 74' lang='grc' dir='ltr'>ἀλλοτρία</span> <span class='ocrx_word' id='word_1_207' title='bbox 1324 2204 1377 2260; x_wconf 87' lang='grc' dir='ltr'>τοῖς</span> <span class='ocrx_word' id='word_1_208' title='bbox 1398 2191 1559 2272; x_wconf 77' lang='grc' dir='ltr'>γεννήμασιν</span> 
     </span>
     <span class='ocr_line' id='line_1_22' title="bbox 1000 2285 1092 2356; baseline -0.022 -1"><span class='ocrx_word' id='word_1_209' title='bbox 1000 2285 1092 2356; x_wconf 60' lang='lat' dir='ltr'>eici«,</span> 
     </span>
     <span class='ocr_line' id='line_1_23' title="bbox 300 2368 1558 2451; baseline -0.002 -20"><span class='ocrx_word' id='word_1_210' title='bbox 300 2390 323 2432; x_wconf 84' lang='lat' dir='ltr'>et</span> <span class='ocrx_word' id='word_1_211' title='bbox 338 2382 399 2431; x_wconf 85' lang='lat' dir='ltr'><strong><em>noti</em></strong></span> <span class='ocrx_word' id='word_1_212' title='bbox 414 2384 471 2432; x_wconf 85' lang='lat' dir='ltr'>eins</span> <span class='ocrx_word' id='word_1_213' title='bbox 491 2382 658 2446; x_wconf 81' lang='lat' dir='ltr'>reliquerunt</span> <span class='ocrx_word' id='word_1_214' title='bbox 671 2397 739 2434; x_wconf 87' lang='lat' dir='ltr'>eom.</span> <span class='ocrx_word' id='word_1_215' title='bbox 962 2374 1007 2433; x_wconf 80' lang='grc' dir='ltr'>καλ</span> <span class='ocrx_word' id='word_1_216' title='bbox 1021 2374 1055 2433; x_wconf 79' lang='grc' dir='ltr'>τύ</span> <span class='ocrx_word' id='word_1_217' title='bbox 1075 2375 1153 2433; x_wconf 78' lang='grc' dir='ltr'>τέκνα</span> <span class='ocrx_word' id='word_1_218' title='bbox 1172 2374 1254 2444; x_wconf 74' lang='grc' dir='ltr'>αὐτῆς</span> <span class='ocrx_word' id='word_1_219' title='bbox 1274 2373 1446 2451; x_wconf 75' lang='grc' dir='ltr'>Ιγκατιλιπον</span> <span class='ocrx_word' id='word_1_220' title='bbox 1465 2368 1558 2441; x_wconf 80' lang='grc' dir='ltr'>αὐτήν.</span> 
     </span>
    </p>
   </div>
   <div class='ocr_carea' id='block_1_4' title="bbox 230 2459 1561 3165">
    <p class='ocr_par' dir='ltr' id='par_1_4' title="bbox 230 2459 1560 2621">
     <span class='ocr_line' id='line_1_24' title="bbox 230 2459 1560 2543; baseline 0.006 -22"><span class='ocrx_word' id='word_1_221' title='bbox 230 2468 277 2521; x_wconf 86' lang='grc'>11.</span> <span class='ocrx_word' id='word_1_222' title='bbox 300 2470 485 2534; x_wconf 79' lang='lat' dir='ltr'><strong><em>Sanctificotio</em></strong></span> <span class='ocrx_word' id='word_1_223' title='bbox 502 2470 559 2521; x_wconf 85' lang='lat' dir='ltr'>eins</span> <span class='ocrx_word' id='word_1_224' title='bbox 574 2469 694 2523; x_wconf 77' lang='lat' dir='ltr'>decoloro</span> <span class='ocrx_word' id='word_1_225' title='bbox 714 2474 835 2524; x_wconf 78' lang='lat' dir='ltr'>corsicae</span> <span class='ocrx_word' id='word_1_226' title='bbox 882 2466 932 2527; x_wconf 88' lang='lat'>39.</span> <span class='ocrx_word' id='word_1_227' title='bbox 955 2463 996 2525; x_wconf 78' lang='lat' dir='ltr'><strong><em>Ti</em></strong></span> <span class='ocrx_word' id='word_1_228' title='bbox 1015 2462 1138 2543; x_wconf 74' lang='grc' dir='ltr'>ἁγίασμα</span> <span class='ocrx_word' id='word_1_229' title='bbox 1158 2462 1238 2534; x_wconf 67' lang='grc' dir='ltr'>αὖα-’ἧς</span> <span class='ocrx_word' id='word_1_230' title='bbox 1253 2459 1385 2542; x_wconf 68' lang='grc' dir='ltr'>ἠρημώθη</span> <span class='ocrx_word' id='word_1_231' title='bbox 1401 2462 1437 2526; x_wconf 68' lang='grc' dir='ltr'>ὥς</span> <span class='ocrx_word' id='word_1_232' title='bbox 1452 2459 1560 2539; x_wconf 52' lang='lat' dir='ltr'><strong><em>litim,</em></strong></span> 
     </span>
     <span class='ocr_line' id='line_1_25' title="bbox 337 2558 462 2621; baseline 0 -12"><span class='ocrx_word' id='word_1_233' title='bbox 337 2558 462 2621; x_wconf 81' lang='lat' dir='ltr'>solitudo,</span> 
     </span>
    </p>

    <p class='ocr_par' dir='ltr' id='par_1_5' title="bbox 232 2635 1539 2720">
     <span class='ocr_line' id='line_1_26' title="bbox 232 2635 1539 2720; baseline -0.004 -21"><span class='ocrx_word' id='word_1_234' title='bbox 232 2649 289 2699; x_wconf 83' lang='lat' dir='ltr'>dics</span> <span class='ocrx_word' id='word_1_235' title='bbox 308 2648 372 2713; x_wconf 76' lang='lat' dir='ltr'>serti</span> <span class='ocrx_word' id='word_1_236' title='bbox 391 2650 449 2699; x_wconf 81' lang='lat' dir='ltr'>einr</span> <span class='ocrx_word' id='word_1_237' title='bbox 462 2650 583 2700; x_wconf 83' lang='lat' dir='ltr'>converri</span> <span class='ocrx_word' id='word_1_238' title='bbox 601 2657 664 2701; x_wconf 80' lang='lat' dir='ltr'><strong><em>suni</em></strong></span> <span class='ocrx_word' id='word_1_239' title='bbox 679 2651 711 2701; x_wconf 88' lang='lat' dir='ltr'>in</span> <span class='ocrx_word' id='word_1_240' title='bbox 725 2650 834 2715; x_wconf 81' lang='lat' dir='ltr'>luctum,</span> <span class='ocrx_word' id='word_1_241' title='bbox 963 2644 992 2701; x_wconf 81' lang='lat' dir='ltr'>ol</span> <span class='ocrx_word' id='word_1_242' title='bbox 1005 2641 1094 2720; x_wconf 71' lang='grc' dir='ltr'>ἑορταὶ</span> <span class='ocrx_word' id='word_1_243' title='bbox 1106 2643 1188 2712; x_wconf 81' lang='grc' dir='ltr'>αὐτῆς</span> <span class='ocrx_word' id='word_1_244' title='bbox 1201 2638 1371 2720; x_wconf 73' lang='grc' dir='ltr'>ἐστράφησαν</span> <span class='ocrx_word' id='word_1_245' title='bbox 1386 2639 1422 2705; x_wconf 81' lang='grc' dir='ltr'>εἰς</span> <span class='ocrx_word' id='word_1_246' title='bbox 1435 2635 1539 2711; x_wconf 68' lang='lat' dir='ltr'><strong><em>civice,</em></strong></span> 
     </span>
    </p>

    <p class='ocr_par' dir='ltr' id='par_1_6' title="bbox 285 2726 1457 2895">
     <span class='ocr_line' id='line_1_27' title="bbox 302 2726 1457 2803; baseline -0.001 -18"><span class='ocrx_word' id='word_1_247' title='bbox 302 2736 416 2792; x_wconf 75' lang='lat' dir='ltr'>cobboto</span> <span class='ocrx_word' id='word_1_248' title='bbox 431 2736 487 2787; x_wconf 78' lang='lat' dir='ltr'><strong><em>cius</em></strong></span> <span class='ocrx_word' id='word_1_249' title='bbox 500 2738 531 2787; x_wconf 89' lang='lat' dir='ltr'>in</span> <span class='ocrx_word' id='word_1_250' title='bbox 545 2738 728 2803; x_wconf 83' lang='lat' dir='ltr'>opprobrium,</span> <span class='ocrx_word' id='word_1_251' title='bbox 964 2729 998 2789; x_wconf 75' lang='lat' dir='ltr'>ch</span> <span class='ocrx_word' id='word_1_252' title='bbox 1010 2730 1134 2790; x_wconf 81' lang='grc' dir='ltr'>σύύύατα</span> <span class='ocrx_word' id='word_1_253' title='bbox 1151 2730 1234 2799; x_wconf 76' lang='grc' dir='ltr'>αὐτῆς</span> <span class='ocrx_word' id='word_1_254' title='bbox 1249 2730 1285 2795; x_wconf 74' lang='grc' dir='ltr'>εἰς</span> <span class='ocrx_word' id='word_1_255' title='bbox 1297 2726 1457 2803; x_wconf 75' lang='grc' dir='ltr'>ὀνειδισμὸν,</span> 
     </span>
     <span class='ocr_line' id='line_1_28' title="bbox 285 2814 1399 2895; baseline 0.002 -22"><span class='ocrx_word' id='word_1_256' title='bbox 285 2846 288 2851; x_wconf 90' lang='grc'><strong><em>·</em></strong></span> <span class='ocrx_word' id='word_1_257' title='bbox 303 2825 414 2873; x_wconf 76' lang='lat' dir='ltr'><strong><em>honores</em></strong></span> <span class='ocrx_word' id='word_1_258' title='bbox 427 2824 483 2873; x_wconf 82' lang='lat' dir='ltr'>eins</span> <span class='ocrx_word' id='word_1_259' title='bbox 499 2826 529 2875; x_wconf 88' lang='lat' dir='ltr'>in</span> <span class='ocrx_word' id='word_1_260' title='bbox 542 2824 670 2875; x_wconf 81' lang='lat' dir='ltr'><strong><em>nibilum.</em></strong></span> <span class='ocrx_word' id='word_1_261' title='bbox 964 2823 981 2890; x_wconf 80' lang='grc' dir='ltr'>ἡ</span> <span class='ocrx_word' id='word_1_262' title='bbox 995 2816 1060 2895; x_wconf 75' lang='grc' dir='ltr'>τιμὴ</span> <span class='ocrx_word' id='word_1_263' title='bbox 1075 2820 1155 2888; x_wconf 80' lang='grc' dir='ltr'>αὐτῆς</span> <span class='ocrx_word' id='word_1_264' title='bbox 1169 2821 1206 2885; x_wconf 74' lang='grc' dir='ltr'>εἰς</span> <span class='ocrx_word' id='word_1_265' title='bbox 1219 2814 1399 2885; x_wconf 78' lang='grc' dir='ltr'>ὶξουδένωοιν.</span> 
     </span>
    </p>

    <p class='ocr_par' dir='ltr' id='par_1_7' title="bbox 233 2901 1561 3072">
     <span class='ocr_line' id='line_1_29' title="bbox 233 2901 1561 2979; baseline -0.003 -16"><span class='ocrx_word' id='word_1_266' title='bbox 233 2912 278 2963; x_wconf 68' lang='lat' dir='ltr'>li.</span> <span class='ocrx_word' id='word_1_267' title='bbox 303 2910 838 2979; x_wconf 72' lang='lat' dir='ltr'>Secondnmqlorlomctnsmultiplicato</span> <span class='ocrx_word' id='word_1_268' title='bbox 885 2908 933 2967; x_wconf 70' lang='grc'>10.</span> <span class='ocrx_word' id='word_1_269' title='bbox 967 2904 1044 2967; x_wconf 74' lang='grc' dir='ltr'>Κατὰ</span> <span class='ocrx_word' id='word_1_270' title='bbox 1070 2903 1119 2977; x_wconf 77' lang='grc' dir='ltr'>τὴν</span> <span class='ocrx_word' id='word_1_271' title='bbox 1149 2904 1227 2975; x_wconf 75' lang='grc' dir='ltr'>δόξαν</span> <span class='ocrx_word' id='word_1_272' title='bbox 1256 2906 1338 2977; x_wconf 79' lang='grc' dir='ltr'>αὐτῆς</span> <span class='ocrx_word' id='word_1_273' title='bbox 1366 2901 1515 2976; x_wconf 70' lang='grc' dir='ltr'>ἐπληθύνθη</span> <span class='ocrx_word' id='word_1_274' title='bbox 1543 2904 1561 2972; x_wconf 71' lang='grc' dir='ltr'>ἡ</span> 
     </span>
     <span class='ocr_line' id='line_1_30' title="bbox 340 2993 1205 3072; baseline 0.014 -24"><span class='ocrx_word' id='word_1_275' title='bbox 340 3006 377 3049; x_wconf 82' lang='lat' dir='ltr'>est</span> <span class='ocrx_word' id='word_1_276' title='bbox 393 3000 545 3063; x_wconf 73' lang='lat' dir='ltr'><strong><em>ionomtnio</em></strong></span> <span class='ocrx_word' id='word_1_277' title='bbox 560 3002 626 3062; x_wconf 80' lang='lat' dir='ltr'>eins,</span> <span class='ocrx_word' id='word_1_278' title='bbox 1005 2993 1100 3069; x_wconf 79' lang='grc' dir='ltr'>ἀτιμία</span> <span class='ocrx_word' id='word_1_279' title='bbox 1115 2996 1205 3072; x_wconf 74' lang='grc' dir='ltr'>αὐτῆς,</span> 
     </span>
    </p>

    <p class='ocr_par' dir='ltr' id='par_1_8' title="bbox 232 3078 1561 3165">
     <span class='ocr_line' id='line_1_31' title="bbox 232 3078 1561 3165; baseline -0.002 -26"><span class='ocrx_word' id='word_1_280' title='bbox 232 3096 255 3139; x_wconf 83' lang='lat' dir='ltr'>ct</span> <span class='ocrx_word' id='word_1_281' title='bbox 271 3088 490 3139; x_wconf 81' lang='lat' dir='ltr'><strong><em>sublinitoscins</em></strong></span> <span class='ocrx_word' id='word_1_282' title='bbox 500 3102 627 3141; x_wconf 80' lang='lat' dir='ltr'>converso</span> <span class='ocrx_word' id='word_1_283' title='bbox 638 3092 716 3142; x_wconf 81' lang='lat' dir='ltr'>estin</span> <span class='ocrx_word' id='word_1_284' title='bbox 727 3090 835 3145; x_wconf 84' lang='lat' dir='ltr'><strong><em>lnctnn.</em></strong></span> <span class='ocrx_word' id='word_1_285' title='bbox 964 3082 1010 3142; x_wconf 85' lang='grc' dir='ltr'>καλ</span> <span class='ocrx_word' id='word_1_286' title='bbox 1035 3083 1066 3142; x_wconf 76' lang='grc' dir='ltr'>τὸ</span> <span class='ocrx_word' id='word_1_287' title='bbox 1091 3083 1157 3165; x_wconf 75' lang='grc' dir='ltr'>ὕψος</span> <span class='ocrx_word' id='word_1_288' title='bbox 1176 3085 1257 3153; x_wconf 75' lang='grc' dir='ltr'>αὐτῆς</span> <span class='ocrx_word' id='word_1_289' title='bbox 1278 3080 1396 3162; x_wconf 74' lang='grc' dir='ltr'>ἐστράφη</span> <span class='ocrx_word' id='word_1_290' title='bbox 1410 3082 1448 3164; x_wconf 77' lang='grc' dir='ltr'>εἰς</span> <span class='ocrx_word' id='word_1_291' title='bbox 1459 3078 1561 3145; x_wconf 75' lang='grc' dir='ltr'>πένθος.</span> 
     </span>
    </p>
   </div>
   <div class='ocr_carea' id='block_1_5' title="bbox 229 3292 1566 4766">
    <p class='ocr_par' dir='ltr' id='par_1_9' title="bbox 229 3292 1566 4766">
     <span class='ocr_line' id='line_1_32' title="bbox 275 3292 1565 3385; baseline 0.002 -30"><span class='ocrx_word' id='word_1_292' title='bbox 275 3293 459 3379; x_wconf 84' lang='lat' dir='ltr'>Postquam</span> <span class='ocrx_word' id='word_1_293' title='bbox 483 3292 671 3381; x_wconf 76' lang='lat' dir='ltr'><strong><em>Antiochus</em></strong></span> <span class='ocrx_word' id='word_1_294' title='bbox 692 3314 733 3359; x_wconf 86' lang='lat' dir='ltr'>ex</span> <span class='ocrx_word' id='word_1_295' title='bbox 756 3297 912 3385; x_wconf 76' lang='lat' dir='ltr'>Aegypto</span> <span class='ocrx_word' id='word_1_296' title='bbox 933 3295 1092 3377; x_wconf 80' lang='lat' dir='ltr'><strong>excessit,</strong></span> <span class='ocrx_word' id='word_1_297' title='bbox 1118 3294 1327 3361; x_wconf 82' lang='lat' dir='ltr'><strong><em>Philometor</em></strong></span> <span class='ocrx_word' id='word_1_298' title='bbox 1348 3297 1383 3359; x_wconf 89' lang='lat' dir='ltr'>et</span> <span class='ocrx_word' id='word_1_299' title='bbox 1406 3292 1565 3378; x_wconf 77' lang='lat' dir='ltr'><strong><em>Physcon</em></strong></span> 
     </span>
     <span class='ocr_line' id='line_1_33' title="bbox 231 3396 1566 3487; baseline 0.002 -25"><span class='ocrx_word' id='word_1_300' title='bbox 231 3396 355 3463; x_wconf 87' lang='lat' dir='ltr'>iratres</span> <span class='ocrx_word' id='word_1_301' title='bbox 368 3396 535 3464; x_wconf 81' lang='lat' dir='ltr'>suadente</span> <span class='ocrx_word' id='word_1_302' title='bbox 550 3397 730 3487; x_wconf 74' lang='lat' dir='ltr'>Cleopatra</span> <span class='ocrx_word' id='word_1_303' title='bbox 744 3420 862 3468; x_wconf 88' lang='lat' dir='ltr'>sorore</span> <span class='ocrx_word' id='word_1_304' title='bbox 877 3401 915 3468; x_wconf 91' lang='lat' dir='ltr'>in</span> <span class='ocrx_word' id='word_1_305' title='bbox 929 3401 1117 3469; x_wconf 83' lang='lat' dir='ltr'><strong><em>amicitiam</em></strong></span> <span class='ocrx_word' id='word_1_306' title='bbox 1132 3400 1311 3469; x_wconf 87' lang='lat' dir='ltr'>redierunt</span> <span class='ocrx_word' id='word_1_307' title='bbox 1325 3404 1359 3465; x_wconf 89' lang='lat' dir='ltr'>ct</span> <span class='ocrx_word' id='word_1_308' title='bbox 1372 3398 1476 3465; x_wconf 87' lang='lat' dir='ltr'>ambo</span> <span class='ocrx_word' id='word_1_309' title='bbox 1496 3419 1566 3465; x_wconf 85' lang='lat' dir='ltr'>una</span> 
     </span>
     <span class='ocr_line' id='line_1_34' title="bbox 231 3502 1565 3595; baseline 0 -26"><span class='ocrx_word' id='word_1_310' title='bbox 231 3508 423 3590; x_wconf 80' lang='lat' dir='ltr'>regnarunt</span> <span class='ocrx_word' id='word_1_311' title='bbox 441 3503 535 3593; x_wconf 88' lang='lat' dir='ltr'>apud</span> <span class='ocrx_word' id='word_1_312' title='bbox 555 3526 589 3571; x_wconf 91' lang='lat' dir='ltr'>sc</span> <span class='ocrx_word' id='word_1_313' title='bbox 611 3509 818 3589; x_wconf 60' lang='lat' dir='ltr'>statuentes·</span> <span class='ocrx_word' id='word_1_314' title='bbox 832 3512 869 3574; x_wconf 92' lang='lat' dir='ltr'>ut</span> <span class='ocrx_word' id='word_1_315' title='bbox 891 3508 1089 3575; x_wconf 79' lang='lat' dir='ltr'>resisterent</span> <span class='ocrx_word' id='word_1_316' title='bbox 1109 3507 1279 3574; x_wconf 81' lang='lat' dir='ltr'>Antiocho</span> <span class='ocrx_word' id='word_1_317' title='bbox 1301 3505 1363 3595; x_wconf 93' lang='lat' dir='ltr'><strong><em>qui</em></strong></span> <span class='ocrx_word' id='word_1_318' title='bbox 1383 3502 1565 3594; x_wconf 84' lang='lat' dir='ltr'>praesidiis</span> 
     </span>
     <span class='ocr_line' id='line_1_35' title="bbox 230 3608 1565 3701; baseline 0.001 -27"><span class='ocrx_word' id='word_1_319' title='bbox 230 3608 357 3675; x_wconf 87' lang='lat' dir='ltr'>Pelusii</span> <span class='ocrx_word' id='word_1_320' title='bbox 380 3609 507 3677; x_wconf 90' lang='lat' dir='ltr'>relictis</span> <span class='ocrx_word' id='word_1_321' title='bbox 531 3615 688 3701; x_wconf 81' lang='lat' dir='ltr'>Aegypto</span> <span class='ocrx_word' id='word_1_322' title='bbox 710 3611 883 3681; x_wconf 87' lang='lat' dir='ltr'>dominari</span> <span class='ocrx_word' id='word_1_323' title='bbox 907 3614 995 3681; x_wconf 91' lang='lat' dir='ltr'>velle</span> <span class='ocrx_word' id='word_1_324' title='bbox 1019 3613 1112 3681; x_wconf 87' lang='lat' dir='ltr'>clare</span> <span class='ocrx_word' id='word_1_325' title='bbox 1137 3612 1344 3680; x_wconf 87' lang='lat' dir='ltr'>ostenderat.</span> <span class='ocrx_word' id='word_1_326' title='bbox 1368 3616 1485 3700; x_wconf 91' lang='lat' dir='ltr'>Neque</span> <span class='ocrx_word' id='word_1_327' title='bbox 1508 3630 1565 3676; x_wconf 92' lang='lat' dir='ltr'>cos</span> 
     </span>
     <span class='ocr_line' id='line_1_36' title="bbox 231 3715 1566 3806; baseline -0.001 -23"><span class='ocrx_word' id='word_1_328' title='bbox 231 3715 436 3806; x_wconf 84' lang='lat' dir='ltr'>exspectatio</span> <span class='ocrx_word' id='word_1_329' title='bbox 451 3717 583 3784; x_wconf 81' lang='lat' dir='ltr'>fefellit.</span> <span class='ocrx_word' id='word_1_330' title='bbox 598 3722 681 3785; x_wconf 85' lang='lat' dir='ltr'>Nam</span> <span class='ocrx_word' id='word_1_331' title='bbox 695 3740 775 3786; x_wconf 83' lang='lat' dir='ltr'>vere</span> <span class='ocrx_word' id='word_1_332' title='bbox 788 3719 930 3787; x_wconf 88' lang='lat' dir='ltr'>ineunte</span> <span class='ocrx_word' id='word_1_333' title='bbox 943 3721 1026 3789; x_wconf 85' lang='lat' dir='ltr'><strong><em>suni</em></strong></span> <span class='ocrx_word' id='word_1_334' title='bbox 1043 3726 1106 3787; x_wconf 82' lang='lat'>168</span> <span class='ocrx_word' id='word_1_335' title='bbox 1121 3742 1152 3787; x_wconf 83' lang='lat' dir='ltr'>a.</span> <span class='ocrx_word' id='word_1_336' title='bbox 1171 3719 1231 3786; x_wconf 88' lang='lat' dir='ltr'>Cb.</span> <span class='ocrx_word' id='word_1_337' title='bbox 1248 3717 1433 3785; x_wconf 81' lang='lat' dir='ltr'><strong><em>Antiochus</em></strong></span> <span class='ocrx_word' id='word_1_338' title='bbox 1445 3720 1566 3783; x_wconf 83' lang='lat' dir='ltr'>contra</span> 
     </span>
     <span class='ocr_line' id='line_1_37' title="bbox 231 3822 1560 3916; baseline 0 -27"><span class='ocrx_word' id='word_1_339' title='bbox 231 3844 290 3889; x_wconf 87' lang='lat' dir='ltr'>cos</span> <span class='ocrx_word' id='word_1_340' title='bbox 307 3844 473 3910; x_wconf 80' lang='lat' dir='ltr'>magnum</span> <span class='ocrx_word' id='word_1_341' title='bbox 493 3823 588 3890; x_wconf 86' lang='lat' dir='ltr'>duxit</span> <span class='ocrx_word' id='word_1_342' title='bbox 606 3824 805 3893; x_wconf 86' lang='lat' dir='ltr'>exercitum.</span> <span class='ocrx_word' id='word_1_343' title='bbox 822 3832 946 3895; x_wconf 88' lang='lat' dir='ltr'>Verum</span> <span class='ocrx_word' id='word_1_344' title='bbox 964 3827 1129 3894; x_wconf 85' lang='lat' dir='ltr'>fratribus</span> <span class='ocrx_word' id='word_1_345' title='bbox 1149 3847 1251 3916; x_wconf 87' lang='lat' dir='ltr'>opem</span> <span class='ocrx_word' id='word_1_346' title='bbox 1271 3827 1387 3892; x_wconf 86' lang='lat' dir='ltr'>ferunt</span> <span class='ocrx_word' id='word_1_347' title='bbox 1405 3822 1560 3903; x_wconf 86' lang='lat' dir='ltr'><strong><em>Romani,</em></strong></span> 
     </span>
     <span class='ocr_line' id='line_1_38' title="bbox 231 3928 1563 4023; baseline -0.001 -27"><span class='ocrx_word' id='word_1_348' title='bbox 231 3932 379 4018; x_wconf 87' lang='lat' dir='ltr'>quorum</span> <span class='ocrx_word' id='word_1_349' title='bbox 406 3928 572 3995; x_wconf 85' lang='lat' dir='ltr'>auxilium</span> <span class='ocrx_word' id='word_1_350' title='bbox 598 3928 648 3995; x_wconf 94' lang='lat' dir='ltr'>illi</span> <span class='ocrx_word' id='word_1_351' title='bbox 675 3929 745 3997; x_wconf 89' lang='lat' dir='ltr'>iam</span> <span class='ocrx_word' id='word_1_352' title='bbox 775 3938 878 4001; x_wconf 84' lang='lat' dir='ltr'>antea</span> <span class='ocrx_word' id='word_1_353' title='bbox 904 3932 1177 4023; x_wconf 84' lang='lat' dir='ltr'>imploraverant</span> <span class='ocrx_word' id='word_1_354' title='bbox 1206 3931 1263 4021; x_wconf 90' lang='lat' dir='ltr'>(cl.</span> <span class='ocrx_word' id='word_1_355' title='bbox 1293 3931 1406 3998; x_wconf 89' lang='lat' dir='ltr'><strong><em>Livius</em></strong></span> <span class='ocrx_word' id='word_1_356' title='bbox 1434 3928 1563 4018; x_wconf 59' lang='lat' dir='ltr'>tals).</span> 
     </span>
     <span class='ocr_line' id='line_1_39' title="bbox 229 4034 1560 4129; baseline 0 -28"><span class='ocrx_word' id='word_1_357' title='bbox 229 4034 450 4102; x_wconf 88' lang='lat' dir='ltr'>Adveucrunt</span> <span class='ocrx_word' id='word_1_358' title='bbox 466 4034 538 4101; x_wconf 91' lang='lat' dir='ltr'>scil.</span> <span class='ocrx_word' id='word_1_359' title='bbox 552 4034 659 4121; x_wconf 83' lang='lat' dir='ltr'>legati</span> <span class='ocrx_word' id='word_1_360' title='bbox 679 4038 827 4123; x_wconf 85' lang='lat' dir='ltr'>romani,</span> <span class='ocrx_word' id='word_1_361' title='bbox 846 4043 879 4106; x_wconf 89' lang='lat' dir='ltr'>C.</span> <span class='ocrx_word' id='word_1_362' title='bbox 899 4040 1062 4129; x_wconf 88' lang='lat' dir='ltr'>Popilius,</span> <span class='ocrx_word' id='word_1_363' title='bbox 1081 4044 1115 4105; x_wconf 87' lang='lat' dir='ltr'>C.</span> <span class='ocrx_word' id='word_1_364' title='bbox 1133 4037 1314 4117; x_wconf 85' lang='lat' dir='ltr'>Decimius,</span> <span class='ocrx_word' id='word_1_365' title='bbox 1332 4042 1366 4103; x_wconf 87' lang='lat' dir='ltr'>C.</span> <span class='ocrx_word' id='word_1_366' title='bbox 1385 4035 1560 4119; x_wconf 89' lang='lat' dir='ltr'>Hostilius,</span> 
     </span>
     <span class='ocr_line' id='line_1_40' title="bbox 230 4139 1565 4234; baseline -0.002 -25"><span class='ocrx_word' id='word_1_367' title='bbox 230 4146 265 4209; x_wconf 89' lang='lat' dir='ltr'>ot</span> <span class='ocrx_word' id='word_1_368' title='bbox 275 4140 427 4229; x_wconf 90' lang='lat' dir='ltr'>Popilius</span> <span class='ocrx_word' id='word_1_369' title='bbox 438 4141 574 4230; x_wconf 87' lang='lat' dir='ltr'>prolato</span> <span class='ocrx_word' id='word_1_370' title='bbox 590 4148 728 4210; x_wconf 91' lang='lat' dir='ltr'>senatus</span> <span class='ocrx_word' id='word_1_371' title='bbox 742 4144 881 4213; x_wconf 90' lang='lat' dir='ltr'>decreto</span> <span class='ocrx_word' id='word_1_372' title='bbox 892 4146 1097 4212; x_wconf 89' lang='lat' dir='ltr'><strong><em>Antiochum</em></strong></span> <span class='ocrx_word' id='word_1_373' title='bbox 1110 4149 1267 4234; x_wconf 81' lang='lat' dir='ltr'>Aegypto</span> <span class='ocrx_word' id='word_1_374' title='bbox 1283 4144 1456 4210; x_wconf 85' lang='lat' dir='ltr'>abstinere</span> <span class='ocrx_word' id='word_1_375' title='bbox 1466 4139 1565 4209; x_wconf 87' lang='lat' dir='ltr'>iussit</span> 
     </span>
     <span class='ocr_line' id='line_1_41' title="bbox 229 4246 1562 4341; baseline -0.003 -25"><span class='ocrx_word' id='word_1_376' title='bbox 229 4247 328 4315; x_wconf 91' lang='lat' dir='ltr'>nullo</span> <span class='ocrx_word' id='word_1_377' title='bbox 343 4247 388 4314; x_wconf 85' lang='lat' dir='ltr'>sd</span> <span class='ocrx_word' id='word_1_378' title='bbox 401 4246 663 4316; x_wconf 90' lang='lat' dir='ltr'>deliberandum</span> <span class='ocrx_word' id='word_1_379' title='bbox 678 4256 834 4341; x_wconf 87' lang='lat' dir='ltr'>tompore</span> <span class='ocrx_word' id='word_1_380' title='bbox 849 4274 1008 4319; x_wconf 90' lang='lat' dir='ltr'>concesso</span> <span class='ocrx_word' id='word_1_381' title='bbox 1025 4250 1152 4341; x_wconf 84' lang='lat' dir='ltr'>(Livius</span> <span class='ocrx_word' id='word_1_382' title='bbox 1166 4257 1264 4332; x_wconf 82' lang='lat' dir='ltr'>c5,11</span> <span class='ocrx_word' id='word_1_383' title='bbox 1282 4272 1353 4339; x_wconf 89' lang='lat' dir='ltr'>seq.</span> <span class='ocrx_word' id='word_1_384' title='bbox 1371 4247 1490 4336; x_wconf 80' lang='lat' dir='ltr'>Polyb.</span> <span class='ocrx_word' id='word_1_385' title='bbox 1507 4253 1562 4328; x_wconf 72' lang='grc'>99,</span> 
     </span>
     <span class='ocr_line' id='line_1_42' title="bbox 231 4355 1564 4446; baseline -0.003 -23"><span class='ocrx_word' id='word_1_386' title='bbox 231 4362 288 4435; x_wconf 88' lang='grc'>11;</span> <span class='ocrx_word' id='word_1_387' title='bbox 319 4360 405 4445; x_wconf 92' lang='lat' dir='ltr'>App.</span> <span class='ocrx_word' id='word_1_388' title='bbox 434 4359 507 4442; x_wconf 81' lang='lat' dir='ltr'>Syr.</span> <span class='ocrx_word' id='word_1_389' title='bbox 530 4362 589 4437; x_wconf 82' lang='grc'>66;</span> <span class='ocrx_word' id='word_1_390' title='bbox 620 4356 765 4424; x_wconf 86' lang='lat' dir='ltr'>lustinus</span> <span class='ocrx_word' id='word_1_391' title='bbox 788 4358 895 4445; x_wconf 81' lang='lat' dir='ltr'>3l,3).</span> <span class='ocrx_word' id='word_1_392' title='bbox 922 4361 965 4424; x_wconf 90' lang='lat' dir='ltr'>Et</span> <span class='ocrx_word' id='word_1_393' title='bbox 990 4357 1179 4425; x_wconf 90' lang='lat' dir='ltr'><strong><em>Antiochus</em></strong></span> <span class='ocrx_word' id='word_1_394' title='bbox 1203 4358 1263 4446; x_wconf 92' lang='lat' dir='ltr'><strong><em>qui</em></strong></span> <span class='ocrx_word' id='word_1_395' title='bbox 1290 4355 1421 4423; x_wconf 89' lang='lat' dir='ltr'>bellum</span> <span class='ocrx_word' id='word_1_396' title='bbox 1446 4359 1564 4421; x_wconf 88' lang='lat' dir='ltr'>contra</span> 
     </span>
     <span class='ocr_line' id='line_1_43' title="bbox 231 4462 1566 4553; baseline -0.002 -23"><span class='ocrx_word' id='word_1_397' title='bbox 231 4466 402 4530; x_wconf 84' lang='lat' dir='ltr'>Romanos</span> <span class='ocrx_word' id='word_1_398' title='bbox 422 4462 594 4550; x_wconf 86' lang='lat' dir='ltr'>suscipere</span> <span class='ocrx_word' id='word_1_399' title='bbox 607 4462 791 4528; x_wconf 88' lang='lat' dir='ltr'>verebatur</span> <span class='ocrx_word' id='word_1_400' title='bbox 805 4465 921 4553; x_wconf 84' lang='lat' dir='ltr'>copias</span> <span class='ocrx_word' id='word_1_401' title='bbox 933 4486 1011 4531; x_wconf 88' lang='lat' dir='ltr'>suas</span> <span class='ocrx_word' id='word_1_402' title='bbox 1026 4466 1059 4529; x_wconf 94' lang='lat' dir='ltr'>in</span> <span class='ocrx_word' id='word_1_403' title='bbox 1075 4464 1207 4552; x_wconf 81' lang='lat' dir='ltr'>Syriam</span> <span class='ocrx_word' id='word_1_404' title='bbox 1225 4469 1428 4552; x_wconf 78' lang='grc' dir='ltr'>βαρυνόμενος</span> <span class='ocrx_word' id='word_1_405' title='bbox 1448 4472 1501 4545; x_wconf 79' lang='grc' dir='ltr'>μὲν</span> <span class='ocrx_word' id='word_1_406' title='bbox 1516 4466 1566 4528; x_wconf 78' lang='grc' dir='ltr'>καὶ</span> 
     </span>
     <span class='ocr_line' id='line_1_44' title="bbox 230 4565 1564 4658; baseline -0.003 -21"><span class='ocrx_word' id='word_1_407' title='bbox 230 4578 350 4650; x_wconf 80' lang='grc' dir='ltr'>στένων,</span> <span class='ocrx_word' id='word_1_408' title='bbox 371 4575 514 4655; x_wconf 83' lang='lat' dir='ltr'>gravate</span> <span class='ocrx_word' id='word_1_409' title='bbox 534 4567 674 4657; x_wconf 87' lang='lat' dir='ltr'>quidem</span> <span class='ocrx_word' id='word_1_410' title='bbox 691 4589 730 4635; x_wconf 89' lang='lat' dir='ltr'>ac</span> <span class='ocrx_word' id='word_1_411' title='bbox 749 4589 905 4654; x_wconf 66' lang='lat' dir='ltr'>gemens</span> <span class='ocrx_word' id='word_1_412' title='bbox 928 4571 988 4637; x_wconf 89' lang='lat' dir='ltr'>sed</span> <span class='ocrx_word' id='word_1_413' title='bbox 1010 4578 1125 4637; x_wconf 87' lang='lat' dir='ltr'>tamen</span> <span class='ocrx_word' id='word_1_414' title='bbox 1148 4570 1291 4638; x_wconf 79' lang='lat' dir='ltr'>abduxit</span> <span class='ocrx_word' id='word_1_415' title='bbox 1312 4568 1349 4635; x_wconf 91' lang='lat' dir='ltr'>in</span> <span class='ocrx_word' id='word_1_416' title='bbox 1371 4565 1564 4658; x_wconf 86' lang='lat' dir='ltr'>praesentia</span> 
     </span>
     <span class='ocr_line' id='line_1_45' title="bbox 230 4673 1272 4766; baseline 0.001 -26"><span class='ocrx_word' id='word_1_417' title='bbox 230 4673 378 4762; x_wconf 85' lang='lat' dir='ltr'>tempori</span> <span class='ocrx_word' id='word_1_418' title='bbox 392 4673 586 4741; x_wconf 90' lang='lat' dir='ltr'>cedendum</span> <span class='ocrx_word' id='word_1_419' title='bbox 600 4678 706 4755; x_wconf 79' lang='lat' dir='ltr'>natue,</span> <span class='ocrx_word' id='word_1_420' title='bbox 725 4682 762 4740; x_wconf 88' lang='lat' dir='ltr'>ut</span> <span class='ocrx_word' id='word_1_421' title='bbox 774 4676 937 4764; x_wconf 81' lang='lat' dir='ltr'>Polybius</span> <span class='ocrx_word' id='word_1_422' title='bbox 950 4680 1077 4766; x_wconf 65' lang='grc'><strong>(9911.</strong></span> <span class='ocrx_word' id='word_1_423' title='bbox 1093 4680 1127 4766; x_wconf 80' lang='grc'>8)</span> <span class='ocrx_word' id='word_1_424' title='bbox 1142 4674 1272 4743; x_wconf 87' lang='lat' dir='ltr'>scribit.</span> 
     </span>
    </p>
   </div>
   <div class='ocr_carea' id='block_1_6' title="bbox 0 0 1827 5367">
    <p class='ocr_par' dir='ltr' id='par_1_10' title="bbox 0 0 1827 5367">
     <span class='ocr_line' id='line_1_46' title="bbox 0 0 1827 5367; baseline 0 0"><span class='ocrx_word' id='word_1_425' title='bbox 0 0 1827 5367; x_wconf 95' lang='lat' dir='ltr'> </span> 
     </span>
    </p>
   </div>
  </div>
 </body>
</html>
