3625 5367
704 340 733 397 2.
758 354 851 397 ulcu.
878 337 1037 408 saal-35.
1481 333 1539 389 aaa

208 522 272 582 lleo
301 519 514 596 consecrata,
544 534 649 603 quam
678 514 750 603 ipse
781 513 849 579 sibi
885 514 1034 600 elegerit
1064 512 1100 579 in
1128 510 1303 601 peculium
1326 510 1397 601 (Ex.
1426 508 1532 597 19,5).

254 621 370 688 Milites
398 620 573 687 Nicanoris
605 620 921 710 progrediebantur
946 619 991 686 ad
1018 617 1245 709 pugnandum
1271 618 1362 684 inter
1389 616 1539 683 sonitum

209 728 371 795 tubarum
399 733 433 794 et
461 728 652 795 carminum
682 726 897 795 bellicorum.
927 726 1045 794 Milites
1069 731 1185 793 autem
1212 725 1314 792 ludae
1341 746 1419 791 cum
1442 723 1560 798 ἰιννο-Ι

209 836 343 904 catione
364 840 396 901 et
413 834 573 925 precibus
596 833 916 922 congrediebantur
930 855 1009 901 cum
1030 833 1195 901 hostibus.
1220 836 1258 899 ut
1276 831 1360 899 duxn
1382 829 1541 897 manibus

211 941 350 1032 quidem
370 940 587 1030 pugnabant,
606 940 770 1008 cordibus
792 946 907 1009 autem
929 940 970 1007 ad
994 946 1099 1008 Deum
1119 939 1386 1030 supplicationes
1410 936 1541 1023 dirige-

212 1049 308 1130 bant,
332 1048 608 1138 prosterucbaut,
629 1070 700 1115 non
721 1047 833 1115 minus
856 1070 961 1139 quam
983 1046 1302 1137 trigintaquinque
1329 1044 1452 1126 millia,
1473 1042 1544 1109 evi-

211 1154 307 1222 denti
333 1154 460 1221 auxilio
495 1156 673 1246 (ἐπιφανείᾳ)
705 1156 763 1221 Dei
797 1176 1011 1245 magnopere
1047 1153 1206 1221 delectati
1238 1177 1270 1219 v.
1301 1158 1363 1232 273
1395 1156 1545 1239 ἐπιφάνεια

212 1264 254 1329 ot.
290 1267 406 1340 litt&
434 1266 546 1345 lt,15.
571 1267 617 1328 lto
639 1262 782 1348 nogotio
803 1268 959 1351 peracto,
986 1267 1140 1347 vevtpavcc
1163 1264 1220 1328 ἀπὸ
1241 1278 1296 1345 τῆς
1320 1268 1436 1348 χρείας,
1467 1278 1545 1323 cum

213 1369 427 1435 recessissent
446 1391 466 1435 a
485 1389 614 1459 pugna,
630 1378 782 1455 γίγνεσθκι
801 1373 858 1437 ἀπὸ
879 1370 924 1436 ct.
945 1374 1057 1452 1037,
1075 1373 1109 1435 et
1129 1389 1208 1434 cum
1229 1366 1356 1454 gaudio
1375 1365 1541 1446 redirent,

214 1475 436 1542 adverterunt
462 1476 665 1543 Nicanorem
692 1481 901 1566 prostratum
929 1497 1007 1542 oum
1030 1475 1135 1567 plena
1161 1480 1353 1556 armatura,
1376 1474 1544 1539 iacentem

214 1581 289 1649 scil.
318 1581 469 1671 perfecte
494 1586 677 1649 armatum.
705 1587 787 1650 lum
805 1582 1044 1651 'extollebatur
1070 1603 1215 1669 maguus
1241 1581 1374 1647 clamor
1401 1586 1435 1646 et
1461 1585 1548 1645 stro-

217 1688 322 1784 pitus,
345 1710 428 1778 prae
451 1688 691 1769 admiratione,
714 1690 842 1777 gaudio
862 1696 896 1757 et
920 1689 1111 1777 gratiarum
1139 1690 1285 1769 actione,
1308 1686 1403 1779 quod
1424 1686 1550 1775 impius

216 1795 275 1863 ille
297 1818 316 1861 e
338 1795 408 1862 vita
430 1798 635 1878 excessisset,
661 1808 777 1885 ταραχή
800 1796 972 1886 strepitus,
994 1796 1174 1876 tumultus
1197 1796 1280 1885 quia
1306 1816 1425 1862 omnes
1450 1791 1550 1861 avide

218 1902 382 1970 accedere
400 1903 580 1970 tentabant
594 1902 639 1970 ad
655 1903 841 1970 videndum
857 1906 991 1971 hostem
1010 1906 1233 1993 prostratum.
1255 1909 1319 1970 lleo
1338 1907 1453 1969 autem
1469 1922 1551 1967 voce

221 2009 334 2099 patria
362 2008 502 2077 debitas·
526 2010 645 2077 laudes
681 2010 934 2101 persolvebant.
968 2010 1067 2077 ludas
1097 2016 1211 2077 autem
1247 2014 1350 2099 caput
1379 2007 1553 2075 Nicanoris

220 2116 380 2203 abscindi
402 2120 436 2183 et
461 2138 601 2183 manum
625 2140 704 2184 cum
729 2117 869 2185 brachio
897 2118 932 2183 iu
963 2117 1085 2185 urbem
1113 2118 1242 2207 portari
1270 2116 1379 2182 iussit.
1406 2114 1554 2181 Victoria

220 2229 292 2289 tam
326 2223 504 2313 praeclara
533 2229 725 2314 reportata,
753 2224 926 2314 adquam
953 2225 1056 2291 ludas
1086 2223 1382 2289 exhortationibus
1413 2225 1447 2288 et
1476 2243 1552 2311 pre-

221 2330 318 2397 cibus
340 2334 374 2397 ct
395 2329 596 2397 tortitudine
622 2331 802 2420 pugnandi
826 2330 953 2398 milites
974 2330 1162 2397 efficaciter
1182 2330 1407 2411 animaverat,
1431 2328 1554 2395 laudes

220 2437 292 2503 eius
309 2436 484 2505 celebrare
505 2442 624 2504 auctor
645 2444 879 2529 opportunum
900 2436 998 2504 duxit
1016 2461 1048 2504 v.
1075 2445 1133 2519 30;
1163 2437 1341 2526 praedicat
1358 2457 1450 2517 cum,
1472 2435 1553 2523 quia

222 2548 294 2611 erat
317 2543 412 2611 omni
435 2566 473 2611 ex
495 2550 592 2633 parte
615 2566 758 2635 corpore
783 2550 817 2612 et
838 2543 956 2612 animo
979 2547 1219 2635 propugnator
1240 2566 1303 2633 pro
1325 2542 1469 2626 civibus,
1493 2542 1554 2631 qui

221 2650 338 2740 itaque
363 2650 458 2718 omni
483 2650 683 2718 modosese
709 2650 928 2742 impendens,
960 2652 1052 2720 bona
1078 2672 1140 2718 sua
1163 2656 1197 2718 et
1220 2650 1334 2718 studia
1363 2650 1554 2717 commodis

222 2756 348 2825 civium
365 2779 565 2825 consecrans
585 2780 646 2847 pro
665 2781 786 2826 eorum
807 2758 968 2827 felicitate
986 2758 1132 2842 labores,
1150 2757 1396 2841 contentiones,
1418 2778 1555 2846 pugnas

223 2863 339 2931 subire
365 2886 546 2954 nunquam
570 2863 828 2949 detrectaverit;
856 2866 998 2957 iusuper
1023 2864 1298 2932 benevolentiam
1325 2887 1431 2954 quam
1455 2887 1476 2931 a
1502 2864 1554 2930 iu-

223 2976 359 3043 ventute
374 2971 536 3054 babebat,
555 2973 592 3039 in
610 2994 689 3040 suos
705 2973 915 3041 contribules
934 2973 1085 3040 fideliter
1098 2973 1249 3041 servavit
1265 2973 1369 3040 etiam
1388 2972 1425 3038 in
1445 2976 1554 3039 aetate

225 3084 402 3166 provecta;
425 3084 499 3146 erat
521 3084 678 3147 constans
697 3081 733 3148 in
754 3103 871 3149 amore
892 3080 1031 3165 civium,
1055 3102 1144 3171 quac
1168 3078 1356 3147 constantia
1380 3100 1555 3147 commen-

225 3182 327 3252 datur
341 3184 566 3253 diuturnitate
585 3188 763 3275 temporis.

269 3294 305 3353 ln
328 3290 403 3377 ipsa
421 3290 507 3357 urbe
529 3294 731 3358 convocavit
752 3293 932 3382 populum,
954 3292 1146 3360 sacerdotes
1168 3293 1265 3360 iussit
1287 3298 1379 3361 staro
1403 3298 1483 3360 ante
1506 3295 1557 3360 al-

225 3401 310 3479 tare,
330 3394 485 3462 accersiit
504 3418 643 3486 quoque
665 3398 799 3488 eosqui
818 3396 854 3465 iu
879 3422 958 3467 arce
977 3404 1092 3481 erant3
1116 3399 1210 3467 bisce
1229 3401 1390 3467 omnibus
1410 3399 1557 3467 ostendit

224 3500 472 3591 caputimpuri
493 3502 626 3593 (μιαροῦ)
645 3508 678 3571 et
699 3527 838 3573 manum
860 3504 1083 3573 conviciantis
1103 3506 1293 3596 (δυςφήμεν),
1311 3530 1415 3597 quam
1437 3512 1556 3575 contra

225 3613 380 3676 sanctum
392 3610 561 3699 templum
577 3633 655 3679 cum
673 3633 798 3699 magna
812 3611 998 3680 insolentia
1010 3612 1262 3699 gloriabundus
1274 3621 1307 3681 et
1323 3614 1557 3681 minabundus

224 3715 420 3783 extenderat
438 3721 549 3798 tt‚3‘2.
565 3724 623 3801 33;
641 3717 797 3806 linguam
814 3742 950 3809 quoque
966 3720 1040 3787 cius
1054 3720 1310 3787 exscindiiussit
1322 3727 1356 3789 et
1369 3744 1432 3811 per
1442 3724 1555 3811 partes

226 3822 346 3890 avibus
365 3821 454 3905 dari,
473 3845 616 3891 acanum
635 3838 750 3893 cartem
770 3824 936 3893 dementis
955 3838 1075 3894 contra
1091 3826 1254 3918 templum
1273 3828 1435 3918 suspendi
1447 3852 1480 3894 v.
1499 3835 1553 3909 33,

226 3929 382 3996 similiter
400 3936 437 4012 S;
457 3934 493 3998 τὰ
508 3939 538 3999 δὲ
558 3940 694 4021 ἐπίχειρα
712 3952 767 4019 τῆς
788 3936 886 4015 ivetae
903 3933 926 3999 i.
944 3956 975 4001 e.
994 3956 1135 4018 merces,
1153 3957 1263 4025 poena
1278 3933 1443 4017 insaniae,
1461 3936 1554 4001 hisco

227 4036 345 4125 utique
368 4036 585 4124 significatur
609 4062 730 4108 manus
755 4041 920 4123 abscissa,
945 4040 1083 4128 signum
1110 4065 1241 4132 poenae
1266 4041 1358 4110 illius
1385 4042 1555 4117 insaniae:

226 4142 503 4234 suspendebatur
517 4157 670 4217 κατέναντι
690 4165 741 4217 τοῦ
758 4166 826 4217 vast
843 4172 861 4215 c
881 4148 1025 4234 regione
1043 4149 1172 4239 templi,
1191 4149 1227 4215 in
1247 4150 1322 4217 loco
1337 4174 1377 4217 ex
1398 4149 1554 4238 adverso,

226 4272 296 4317 non
316 4250 352 4318 in
373 4250 448 4342 ipso
470 4255 611 4343 templo,
634 4256 727 4344 quod
751 4256 809 4323 tali
838 4255 1059 4346 suspensione
1080 4255 1198 4324 fuisset
1218 4256 1400 4346 pollutum.
1428 4263 1493 4324 Arx
1516 4280 1557 4323 eo

228 4362 380 4447 tempore
402 4359 555 4427 nondum
577 4367 650 4429 erat
672 4362 710 4430 in
735 4367 902 4453 potestate
928 4362 1132 4430 ludaeorum
1162 4362 1218 4453 (ct.
1251 4372 1265 4429 l
1290 4366 1394 4431 llacb.
1424 4364 1555 4452 13,51);

229 4485 337 4555 quare
360 4473 429 4547 τοὺς
457 4475 491 4535 ἐκ
521 4485 575 4551 τῆς
599 4475 694 4557 ἄκρας
715 4468 959 4560 praesidiarios
979 4492 1079 4537 arcae
1103 4475 1224 4537 auctor
1243 4470 1426 4559 distinguit
1452 4470 1559 4537 abiis

230 4591 316 4658 quos
342 4580 495 4654 ὁμοεθνεῖς
521 4580 632 4644 vocat.
660 4581 769 4667 Caput
794 4577 989 4659 Nicanoris,
1011 4586 1163 4667 προτομὴν
1188 4578 1241 4667 (Α,
1265 4584 1321 4644 23.
1345 4584 1387 4645 tt
1410 4576 1457 4665 a),
1479 4599 1558 4668 pro-

230 4676 305 4767 prie
320 4681 455 4768 partem
470 4683 689 4770 anteriorem,
708 4683 814 4771 vulgo
830 4684 959 4772 legitur
973 4693 1118 4773 κεφαλὴν,
1136 4683 1296 4772 religavit
1309 4683 1346 4751 in
1361 4706 1452 4767 arce,
1469 4689 1561 4752 certe

231 4784 268 4851 in
288 4785 456 4853 exteriore
472 4794 582 4877 parte,
602 4813 662 4859 scu
686 4792 805 4873 tatere,
825 4796 865 4859 ut
885 4790 921 4857 iu
942 4791 1016 4881 ipsa
1035 4791 1122 4860 urbe
1140 4791 1235 4859 cerni
1254 4796 1367 4882 posset
1385 4798 1563 4883 tamquam

697 4920 878 4958 xxxsaxuxuea
895 4919 921 4957 ut
938 4920 1015 4958 sacra.
1033 4934 1063 4943 —
1077 4912 1108 4959 28
