3625 5367
728 353 756 412 d.
779 366 871 410 ulcu.
896 351 1037 423 aaa-⁶29.
1492 354 1551 412 :303

219 503 377 572 hostibus
394 507 563 590 ereptam,
580 505 654 581 ὤςτε
672 507 847 582 λεηλατεῖν,
866 504 900 565 et
918 500 1087 566 barbaras
1108 499 1346 568 multitudines
1365 524 1550 594 perseque-

216 617 339 678 rentur
367 631 400 675 v.
430 614 490 688 22,
521 606 636 696 copias
669 605 778 692 regis,
804 606 930 674 ducum
961 607 1055 688 eios;
1087 611 1253 674 vocantur
1283 614 1418 697 βάρθαρα
1449 618 1550 693 πλήθη

219 723 337 807 utpote
363 715 595 800 alienigenae,
623 712 726 779 alieni
757 735 777 778 a
812 712 969 779 moribus
996 719 1030 780 et
1057 713 1154 779 cultu
1180 713 1398 795 ludaeorum;
1425 717 1471 782 cl.
1496 720 1550 784 Ez,
1642 742 1645 746 *
1735 694 1788 804 {4²³³

218 820 410 911 mallet),
439 825 491 886 Ps.
517 825 615 901 113‚1
643 818 686 885 de
712 825 883 909 Aegypto,
905 818 949 884 de
973 819 1103 908 populo
1125 819 1287 887 barbaro.
1316 827 1408 889 luter
1433 845 1551 889 eorum

218 953 273 997 res
288 928 483 1020 praeclaras
502 925 686 1016 praecipue
702 927 851 993 refertur
869 929 1111 1011 ἀνακομίσασθαι,
1128 928 1221 1016 quod
1237 927 1282 994 ad
1299 950 1398 997 usum
1417 950 1551 998 sacrum

219 1033 500 1124 recuperaverint
540 1033 708 1122 templum
750 1038 924 1121 σεριθθήσον
972 1032 1255 1115 celeberrimum,
1287 1036 1549 1122 famosissimum
1646 1104 1648 1107 ,

219 1145 255 1208 in
271 1154 339 1208 toto
355 1142 453 1223 orbe,·
469 1140 538 1206 iam
557 1138 666 1205 habes
685 1139 858 1228 specimen
878 1138 1055 1228 quoddam
1074 1148 1301 1229 μεγαληγορίας
1317 1147 1350 1207 et
1368 1142 1551 1211 iactantiae

220 1247 452 1339 popularis-
472 1247 554 1312 item
574 1246 709 1331 gloriae
729 1247 780 1312 eis
797 1245 944 1312 vertitur
965 1245 1089 1313 merito
1104 1242 1320 1334 ἐπανορθῶσαι,
1342 1249 1436 1337 quod
1457 1250 1551 1336 leges

219 1376 304 1444 quas
326 1352 427 1442 impii
455 1351 626 1439 abrogare
649 1351 853 1434 niterentur,
877 1352 917 1420 in
936 1352 1112 1438 integrum
1133 1351 1357 1436 restituerint,
1385 1355 1552 1444 collapsas

221 1460 392 1528 erexerint
429 1457 564 1525 Douiini
607 1457 790 1526 clementia
825 1464 859 1524 et
891 1456 1005 1544 gratia
1038 1459 1183 1541 suffulti,
1212 1469 1354 1530 ἐπιείκεια
1383 1462 1550 1552 aequitaS,

220 1567 350 1646 lenitaS,
370 1565 574 1652 benignitas
687 1643 690 1650 Ι

264 1678 354 1740 Haec
385 1671 541 1758 longiore
563 1692 720 1737 sermone
743 1676 902 1737 enarrata
924 1669 1020 1736 brevi
1048 1673 1259 1761 compendio
1282 1679 1401 1741 auctor
1425 1697 1552 1764 propo-

222 1803 304 1847 nere
329 1779 402 1846 vult
425 1801 457 1843 v.
485 1782 538 1856 ht,
558 1798 624 1867 qua
649 1777 781 1842 ratione
807 1783 923 1865 sperat
945 1776 1131 1848 lectionem
1156 1778 1268 1868 ipsam
1294 1801 1329 1846 se
1352 1780 1551 1847 effecturum

220 1885 419 1965 iucundam,
446 1889 582 1951 retentu
612 1882 758 1962 facilem,
785 1883 903 1950 utilem
928 1883 1089 1950 omnibus
1109 1907 1141 1950 v.
1159 1892 1219 1951 25.
1243 1892 1302 1966 26;
1325 1886 1554 1954 consideravit

221 1993 315 2061 enim
335 1992 370 2058 in
389 1989 452 2058 illa
472 1989 627 2077 longiore
644 1989 840 2057 narratione
861 2012 930 2056 uon
952 1989 1110 2076 exiguam
1133 1992 1279 2080 reperiri
1300 1992 1550 2077 difficultatem,

222 2107 294 2167 tum
319 2099 363 2166 ob
390 2096 648 2180 multitudinem
669 2095 836 2163 librorum
859 2096 968 2186 (vulg)
988 2135 1032 2146 -
1053 2096 1205 2187 quinque
1223 2097 1324 2166 libris
1353 2121 1427 2166 rem
1451 2123 1553 2190 expo-

221 2207 287 2274 suit
317 2209 415 2272 lason
441 2243 484 2253 -
509 2204 608 2270 aliter
637 2225 770 2290 graece,
799 2197 834 2270 ’το
861 2221 944 2291 χῡμα
973 2215 1030 2272 τῶν
1062 2208 1192 2292 ἀριθμῶν
1227 2227 1451 2273 numerorum
1475 2207 1548 2273 scil.

139 2295 144 2306 ⁸
222 2334 410 2394 annorum,
443 2311 638 2400 copiarum,
668 2309 800 2376 dierum
832 2332 872 2375 ae
905 2310 1074 2376 mensium
1103 2311 1229 2399 quibus
1257 2312 1383 2399 singuli
1412 2317 1553 2393 eventus

222 2417 420 2501 acciderint,
443 2421 515 2484 tum
544 2416 589 2482 ob
612 2415 718 2482 animi
747 2415 1004 2482 contentionem
1030 2415 1221 2498 molestam,
1242 2439 1330 2507 quae
1355 2419 1554 2508 requiratur

224 2525 267 2591 ob
288 2522 546 2591 multitudinem
566 2523 741 2604 materiae,
763 2522 790 2588 si
811 2523 888 2609 quis
907 2521 1125 2608 longioribus
1144 2545 1263 2590 rerum
1285 2531 1460 2611 gestarum
1483 2525 1554 2592 dis-

223 2631 466 2721 quisitionibus
490 2651 561 2697 sese
580 2629 677 2717 quasi
697 2628 874 2696 involvere
893 2628 1043 2694 volucrit
1056 2650 1089 2694 v.
1108 2632 1168 2710 253
1184 2635 1402 2709 είςιιοαλεῖσθαι
1420 2649 1482 2712 τοῖς
1499 2651 1554 2716 τῆς

222 2748 350 2826 ἱστορίας
384 2746 560 2824 διηγήμασι,
586 2755 658 2802 sese
681 2733 925 2800 intromittere.
955 2734 1227 2804 abbreviatione
1253 2737 1448 2824 legentibus
1476 2762 1556 2828 pro·

222 2867 341 2913 curare
365 2845 438 2910 vult
462 2852 656 2930 ψυχαγωγίαν
682 2839 956 2923 delectationem,
979 2840 1207 2930 voluptatem3
1236 2842 1279 2909 iis
1306 2845 1366 2934 qui
1392 2844 1556 2913 historiae

223 2973 407 3039 rerumque
429 2955 603 3036 gestarum
624 2946 831 3035 cognitionis
851 2953 1008 3014 amantes
1029 2955 1119 3030 sunt,
1137 2966 1201 3029 τοῖς
1224 2959 1439 3040 ριλορρονοῡσι,
1457 2975 1558 3042 prae-

223 3060 304 3150 bere
317 3061 415 3147 optat
427 3055 570 3124 modum
590 3054 728 3121 facilem
748 3076 803 3120 res
820 3053 1009 3120 memoriae
1033 3054 1208 3137 tradendi,
1224 3056 1388 3125 omnibus
1409 3058 1558 3148 denique

223 3165 284 3255 qui
313 3166 401 3231 forte
428 3162 465 3229 in
496 3162 624 3229 librum
661 3160 861 3243 inciderint,
893 3178 957 3239 τοῖς
985 3163 1225 3249 ὲντύγχοίνουσιν,
1256 3163 1452 3230 utilitatem.
1487 3165 1557 3230 Sibi

225 3279 339 3339 tamen
359 3271 486 3337 latetur
507 3289 580 3334 rem
605 3267 699 3333 haud
723 3268 771 3333 ita
796 3265 898 3331 facile
925 3265 1061 3331 cessisse
1078 3288 1109 3334 v.
1128 3274 1183 3347 27,
1201 3267 1356 3355 loquitur
1379 3267 1422 3333 dc
1438 3270 1558 3335 moles-

224 3378 272 3445 tia
291 3373 509 3464 excerpendi,
527 3373 570 3438 de
589 3372 713 3439 sudore
729 3376 763 3438 et
778 3369 919 3458 vigiliis.
943 3370 1112 3438 decidisse
1128 3394 1251 3461 nempe
1267 3371 1332 3439 sibi
1346 3373 1439 3440 idem
1463 3375 1556 3462 quod

225 3483 363 3551 evenire
386 3482 469 3548 solet
496 3479 690 3546 convivium
719 3477 852 3568 paranti
874 3500 906 3543 v.
934 3483 977 3543 28
1002 3477 1065 3565 qui
1087 3478 1242 3544 omnium
1265 3477 1414 3546 aliorum
1438 3483 1556 3547 couvi-

224 3612 347 3658 varum
362 3585 540 3655 desideriis
564 3592 599 3652 et
618 3585 757 3652 utilitati
786 3584 982 3673 prospicere
1002 3584 1139 3667 debeat,
1158 3591 1196 3651 ut
1218 3585 1290 3652 scil.
1311 3588 1456 3674 singulis
1474 3611 1555 3677 pro-

224 3697 339 3764 videat
370 3694 463 3784 quod
494 3692 647 3783 placeat;
672 3692 707 3758 id
741 3690 884 3779 quidem
913 3688 1019 3777 exigit
1050 3690 1224 3775 laborem,
1253 3699 1306 3760 οὐκ
1334 3701 1458 3781 εὐχερὲς
1488 3707 1552 3778 μὲν,

225 3808 376 3870 attamen
389 3801 523 3868 ratione
537 3798 659 3867 habita
674 3796 936 3887 approbationis
948 3802 982 3863 et
996 3797 1188 3883 gratiarum
1207 3798 1352 3865 actionis
1369 3799 1555 3869 multorum

225 3907 392 3976 eiusmodi
409 3908 562 3974 molestia
579 3905 727 3972 libenter
739 3904 932 3992 suscipitur.

271 4021 339 4082 lam
363 4013 505 4082 ulterius
527 4011 676 4102 exponit,
700 4011 838 4100 qualem
859 4009 1002 4076 modum
1023 4016 1207 4078 secuturus
1222 4013 1266 4078 sit
1291 4013 1328 4079 in
1349 4014 1559 4104 expositione

226 4143 341 4190 rerum
364 4145 397 4187 v.
425 4127 548 4200 atr-323
573 4118 640 4185 sibi
668 4117 739 4185 scil.
761 4118 872 4184 solum
898 4138 969 4183 esse
997 4120 1211 4207 propositum
1240 4120 1399 4189 brevitati
1424 4121 1560 4190 studere

225 4227 318 4296 iniis
336 4233 416 4318 apte
436 4229 482 4294 ad
501 4225 745 4316 compendium
768 4222 964 4309 redigendis
982 4246 1073 4312 quae
1096 4226 1170 4292 fuse
1190 4233 1365 4294 exsecutus
1385 4228 1429 4295 sit
1448 4234 1557 4296 lason.

226 4341 429 4403 accuratam
448 4331 753 4422 perscrutationem
773 4336 805 4398 et
821 4330 1070 4420 expositionem
1093 4332 1308 4419 singularum
1326 4355 1441 4400 rerum
1456 4335 1561 4402 relin-

227 4442 302 4532 quit
330 4439 632 4528 historiograph0,
655 4448 946 4526 παραχωρήσαντες,
976 4437 1014 4502 id
1047 4439 1223 4522 agendum
1257 4462 1373 4506 rerum
1402 4439 1563 4530 scriptori

225 4549 427 4630 committit3
450 4545 516 4612 sihi
539 4551 654 4611 autem
675 4544 797 4611 tribuit
814 4543 968 4611 studium
990 4544 1160 4632 sequendi
1179 4566 1328 4628 normas,
1351 4547 1490 4632 regulas
1507 4566 1562 4631 τῆς

226 4667 382 4740 ἐπιτομῆς,
401 4653 578 4743 epitomes,
597 4649 806 4738 compendii,
822 4661 853 4718 sb
874 4659 904 4716 δὲ
921 4660 1147 4737 ἐπιπορεύεσθαι
1160 4668 1221 4730 τοῖς
1239 4662 1448 4740 ὑπο-γραμμαῖς
1463 4653 1559 4721 ince-

226 4761 308 4829 dere
320 4759 508 4829 secundum
521 4758 742 4842 lineamenta,
758 4762 955 4846 praecepta.
971 4762 1035 4825 Res
1054 4761 1181 4844 gestas,
1198 4759 1358 4827 materias
1377 4760 1557 4844 historiae,
