3625 5367
262 351 321 410 164
782 347 810 404 l.
834 359 927 407 utcu.
950 345 1090 418 {affl-2³2.

307 498 406 566 Brevi
419 499 485 565 hac
499 498 588 564 sacri
601 498 748 564 auctoris
760 497 958 564 narratione
979 519 1048 564 non
1062 497 1144 564 satis
1158 503 1314 587 apparet,
1332 519 1392 565 cur
1404 497 1504 565 ludas
1518 520 1595 566 curn

261 605 345 673 viris
368 606 486 694 paucis
507 604 672 672 dimicare
700 604 857 686 voluerit,
882 604 1041 692 quamvis
1073 606 1196 672 merito
1222 610 1418 694 exspectare
1445 607 1596 695 potuerit

262 735 341 779 mox
362 711 435 780 fora
455 716 495 779 ul
515 712 654 779 foedare
676 733 754 777 curn
779 711 941 779 Romanis
961 710 1049 777 inito
1071 711 1137 782 sihi
1157 712 1352 778 allomanis
1376 711 1540 778 auxilium
1561 718 1595 780 et

262 819 428 909 protectio
447 824 688 905 contrasyros
708 824 950 906 praestaretur.
979 821 1045 885 Cur
1068 840 1140 885 non
1164 817 1348 884 declinavit
1371 840 1592 905 congressum

261 947 339 992 cum
355 925 503 993 exercitu
517 923 702 992 Bacchidis
720 923 828 991 multo
846 926 975 990 maiore
995 924 1115 991 saltem
1132 924 1240 992 donec
1258 924 1383 992 certior
1397 925 1496 992 lieret
1508 926 1595 1014 quid

261 1054 325 1122 per
340 1031 473 1118 legatos
492 1037 580 1099 esset
603 1031 782 1098 effectum?
795 1034 913 1098 Nonne
943 1031 1013 1097 fere
1033 1030 1236 1098 temeritatis
1261 1053 1330 1098 esse
1351 1030 1490 1099 videtur
1515 1053 1593 1097 oum

260 1137 466 1223 octingentis
486 1139 567 1205 viris
585 1160 661 1205 sese
678 1159 854 1227 opponere
874 1142 989 1202 tantae
1014 1137 1248 1205 multitudini?
1263 1142 1300 1204 Et
1320 1137 1447 1204 auxilio
1468 1142 1594 1205 Rorna-

260 1266 384 1311 norum
399 1245 505 1312 semel
526 1243 712 1334 implorato
736 1243 939 1334 prudentiae
966 1245 1118 1333 prolecto
1133 1250 1218 1326 erat,
1233 1266 1310 1311 curn
1335 1267 1410 1334 spes
1425 1243 1594 1311 societatis

259 1349 403 1417 bellicae
423 1373 542 1418 revera
564 1352 758 1433 offerretur,
783 1372 896 1417 moras
920 1350 1057 1417 trahere
1078 1356 1111 1418 et
1126 1349 1297 1440 proelium
1318 1373 1423 1440 quarn
1446 1351 1593 1417 maxime

257 1456 371 1547 imper
386 1457 549 1524 devitare.
568 1457 660 1524 Talia
679 1456 787 1524 dubia
805 1459 936 1523 moveri
958 1462 1108 1548 possunt,
1132 1480 1219 1548 quae
1237 1459 1407 1525 succincta
1429 1457 1493 1524 hac
1514 1478 1592 1523 nar-

257 1565 391 1630 ratione
412 1585 480 1630 non
494 1563 739 1652 dispelluntur.
