3625 5367
757 358 786 413 θ.
810 366 904 411 steca.
931 352 1013 422 13‚9.
1491 350 1548 413 413

217 513 320 575 sepiam
337 512 478 561 incastris
498 510 634 573 interiecit
654 510 726 559 uiros
743 516 823 571 quot·
869 528 942 564 σκων
964 502 1080 583 ἀρίστων
1104 501 1265 581 κεκριμένων
1287 501 1421 561 έπιὸαλὼν
1443 503 1546 582 νύκτωρ

218 608 278 651 tuor
299 600 389 649 millia
408 606 432 649 et
452 600 598 649 marimum
617 598 823 663 elephantorum
870 592 913 655 ἐπὶ
938 591 984 662 τὴν
1009 591 1149 670 βασιλικὴν
1178 592 1272 661 αύλὴν,
1292 588 1340 661 τὴν
1366 591 1543 671 παριμθολήν

218 692 329 741 rumlris
342 689 560 754 quisetperpositi
571 686 823 752 {uerunt;tit.sum·
870 682 972 739 ἀνεῖλεν
993 682 1030 745 είς
1051 680 1147 760 ἄνδρας
1167 679 1317 757 διςχιλίους,
1338 679 1383 737 καὶ
1403 680 1447 738 τὸν
1467 704 1544 758 πρω-

217 792 310 841 meque
334 784 404 827 metu
426 791 456 826 ae
477 778 684 841 perturbatione
710 776 825 825 hostium
869 769 979 829 τεύοντα
1000 773 1052 827 τῶν
1074 769 1223 849 ἐλεφάντων
1246 768 1292 827 σὺν
1315 772 1353 847 τῷ
1376 764 1545 828 κατ”οἷκίαν

219 874 308 917 eastra
332 867 463 931 replentes
488 866 566 915 relus
589 878 716 930 prospere
742 865 823 927 pestis
870 858 944 941 ὄχλῳ
964 858 1101 931 συνέθηκε,
1117 860 1164 919 16.
1179 858 1226 915 καὶ
1243 856 1273 915 τὸ
1291 858 1365 924 τέλος
1378 855 1425 928 τλν
1440 881 1546 938 παρεμ-

220 954 481 1007 abierunt.17.ltoe
501 954 762 1017 autemsaolumest
783 954 824 1001 die
871 948 953 1020 ύολὴν
981 948 1054 1014 δέους
1080 948 1125 1005 καὶ
1157 950 1276 1027 ταραχῆς
1304 945 1473 1025 ἐπλήρωσαν,
1501 948 1548 1004 καὶ

219 1045 396 1100 illucescente,
411 1044 557 1094 adiuvante
573 1057 632 1092 eum
646 1044 754 1093 Domini
766 1032 826 1105 pro‘·
871 1036 994 1106 ἐξεθιυσαν
1036 1038 1222 1113 εὐημεροῦντες
1261 1038 1310 1095 tt.
1345 1036 1544 1115 ὑποφαινούσης

223 1136 349 1183 tectione.
606 1188 607 1197 γ
872 1126 899 1184 δὲ
922 1125 974 1198 ἤδη
1002 1129 1049 1197 τῆς
1069 1123 1179 1204 ἡμέρας.
1200 1124 1272 1183 τοῦτ’
1294 1124 1408 1201 ἐγεγόνει
1431 1124 1476 1183 δεδι
1498 1123 1547 1195 τὴν

872 1214 1058 1294 θπαρήγουσαν
1072 1216 1144 1291 αὐτῷ
1158 1218 1204 1274 τοῦ
1218 1212 1319 1291 Κυρίου
1332 1212 1445 1285 σκέπην.

261 1312 302 1362 18.
324 1312 374 1361 Sed
395 1324 441 1360 res
463 1317 567 1375 arrepto
593 1300 672 1373 pustu
697 1311 826 1359 audaciae
914 1307 962 1364 18.
985 1301 1021 1363 ‘0
1044 1300 1072 1360 δί
1096 1301 1220 1381 βασιλεὺς
1243 1300 1358 1382 εἰληφὼς
1385 1307 1480 1378 γεῦμα,
1501 1306 1549 1373 τῆς

223 1402 382 1451 ludaeorum
412 1406 469 1449 arte
501 1398 682 1463 diffierrltatem
711 1398 826 1457 locorum
872 1397 924 1451 τῶν
953 1391 1088 1452 Ἰουδαίων
1118 1390 1268 1469 εὐτολμίας,
1296 1390 1474 1469 κατεπείραοε
1505 1392 1547 1449 διὰ

224 1490 357 1549 tentatam
385 1488 427 1539 ¹9·
452 1496 475 1537 ³1
499 1490 653 1545 Bellium,
677 1500 744 1549 quai
769 1492 827 1536 irat
873 1483 990 1558 μεθόδων
1002 1480 1062 1549 τοὺς
1071 1479 1176 1549 τόπους.
1191 1483 1240 1541 19.
1254 1480 1308 1539 Καὶ
1321 1480 1364 1539 ἐπὶ
1378 1480 1549 1560 Βαιθσούροις

224 1579 381 1628 ludaeorum
395 1578 565 1642 praesidium
581 1577 827 1636 munitum,eastra
872 1572 997 1651 φρούριον
1029 1569 1124 1651 ὀχυρὸν
1158 1573 1210 1628 τῶν
1239 1568 1373 1629 Ἰουδαίων
1404 1573 1545 1646 προςῆγεν,

225 1667 396 1725 admouebat,·
410 1666 455 1715 sed
475 1664 634 1731 inputatur,
649 1666 825 1729 impinpelat,
873 1658 1215 1738 ἐτροποῧτο,προςέιιραυεν,
1225 1661 1413 1729 ἠλαττονούτο.
1423 1660 1473 1718 20.
1485 1659 1550 1724 Τοῖς

224 1756 422 1806 nrinorabatur.
443 1755 486 1805 20.
505 1754 553 1804 liis
576 1760 662 1803 autem
685 1755 732 1817 qui
753 1755 827 1802 intus
873 1750 901 1807 δὲ
942 1748 1015 1808 ἔνδον
1049 1746 1150 1814 Ἰούδας
1188 1748 1221 1806 τὰ
1261 1746 1353 1805 δέοντα
1393 1747 1546 1826 είςέπεμψε.

225 1852 303 1895 erant
358 1845 440 1894 ludas
492 1844 646 1893 necessario
695 1843 825 1891 mittebat.
873 1840 924 1899 21,
940 1836 1116 1916 Προςήγγειλε
1137 1835 1165 1895 δὲ
1184 1836 1218 1894 τδι
1237 1835 1371 1915 μυστήρια
1392 1842 1446 1901 τοῖς
1466 1837 1548 1893 πολε-

225 1934 268 1985 rt.
283 1934 445 1983 Enuntiaor't
459 1939 548 1982 autem
564 1933 691 1994 mysteria
707 1932 828 1981 hostibus
875 1927 944 2001 μίοις
974 1925 1098 1992 Ῥόδυκος
1127 1926 1158 1983 ἐκ
1186 1928 1235 1995 τῆς
1264 1924 1409 1995 Ἰουδαῖκῆς
1440 1923 1547 1992 τεύξεως·

225 2023 361 2073 Baedorus
385 2022 496 2085 quidam
520 2020 550 2069 de
576 2020 685 2069 ludaico
711 2020 828 2069 exercitu
875 2016 1021 2087 ἀνεζητήθη
1036 2013 1063 2072 δί
1079 2013 1125 2072 καὶ
1139 2015 1292 2093 κατελήφθη
1304 2013 1349 2071 καί
1360 2013 1545 2083 κατικλείσθη.

226 2112 272 2173 qui
286 2110 432 2173 requisitus
452 2109 656 2173 comprehensus
671 2114 709 2157 est
724 2113 749 2156 et
764 2121 828 2156 σοιι-
874 2108 923 2163 22.
953 2102 1207 2182 Ἐδευτερολόγησεν
1236 2106 1251 2160 θ
1281 2101 1405 2176 βασιλεὺς
1437 2109 1490 2167 τοῖς
1522 2103 1548 2159 ἐν

226 2198 496 2249 elusus.2i.1terum
512 2210 718 2247 ressermonem
734 2196 827 2245 nolluit
875 2190 1055 2269 Βαιθσούροις,
1079 2191 1166 2257 δεξιὰν
1193 2191 1302 2263 ἔδωκεν,
1325 2188 1432 2261 ἔλαθεν,
1452 2189 1548 2266 ἀπῄει,

227 2290 261 2337 orl
281 2300 323 2337 eos
339 2287 385 2349 (γεεί
400 2294 478 2336 tratti
498 2287 528 2335 in
547 2286 694 2343 Bethsttris,
709 2285 828 2333 dextram
875 2278 1022 2359 προςέθαλε
1041 2287 1096 2343 τοῖς
1114 2278 1176 2355 περὶ
1196 2277 1241 2335 τὸν
1256 2276 1369 2347 Ἰούδαν,
1382 2276 1469 2347 ἥττων
1487 2277 1546 2354 ἐγέ-

227 2378 309 2437 dedit,
329 2376 439 2439 aceepit,
460 2376 544 2433 atiit;
561 2375 606 2425 23.
623 2374 752 2423 commisit
772 2386 829 2421 ειιιιι
874 2391 942 2427 νιτο·
954 2368 1004 2427 23.
1020 2366 1165 2443 pertissimi
1179 2369 1371 2435 ἀπονενοῆσθαι
1385 2365 1429 2424 τὸν
1444 2367 1547 2425 ‹trilia-

228 2466 305 2525 lutla,
317 2471 460 2529 superatus
480 2470 528 2514 est.
547 2465 577 2513 lli
598 2470 686 2512 aretem
707 2462 829 2525 reynooit
875 2480 924 2515 πον
939 2458 965 2514 ἐν
981 2455 1128 2535 Ἀντιοχείᾳ
1141 2454 1187 2514 τὸν
1201 2453 1428 2531 ἀπολελειμμένον
1441 2456 1483 2513 ἐπὶ
1497 2457 1550 2513 τῶν

226 2554 369 2603 rebellasse
400 2552 559 2618 Philippum
590 2550 756 2610 Antiochiae,
783 2552 835 2613 qui*
875 2543 1210 2623 πραγμάτων,συνεχύθη·
1227 2542 1286 2610 τοὺς
1300 2543 1444 2609 Ἰουδαίους
1462 2566 1548 2620 παρε-

228 2642 337 2692 relt'otus
356 2649 415 2692 erat
434 2654 515 2706 super
533 2642 652 2703 περσεία,
667 2646 751 2689 arente
766 2652 829 2687 eon·
876 2634 997 2705 κοίλεσεν,
1014 2632 1133 2710 ὑπετάγη
1153 2633 1199 2691 καὶ
1216 2632 1321 2710 ὤμοσεν
1343 2631 1386 2690 ἐπὶ
1407 2641 1475 2690 πᾶσι
1496 2639 1550 2698 τοῖς

227 2739 371 2791 sternutus,
382 2731 494 2783 ludoeos
503 2731 647 2793 deprecans
656 2727 830 2791 subditusque
876 2723 999 2795 δικαίοις,
1026 2719 1154 2794 συνελύθη
1180 2721 1225 2781 καὶ
1252 2722 1341 2780 θυσίαν
1374 2720 1549 2799 προςήγαγεν,

227 2822 275 2881 eis,
300 2822 374 2869 iurat
400 2820 429 2867 ele
455 2818 578 2867 omnibus
607 2817 704 2880 quibus
731 2819 830 2867 iustum
877 2811 987 2887 ἐτίμησα
1006 2810 1050 2870 τὸν
1069 2809 1134 2870 νεὼν
1153 2811 1199 2869 καὶ
1217 2810 1261 2868 τὸν
1281 2809 1362 2869 τόπου
1381 2810 1551 2890 ῑρςλαυθρώ.

227 2912 314 2959 risum
329 2914 379 2967 est;
395 2914 419 2955 et
434 2906 623 2957 reconciliatus
636 2904 732 2955 obtulit
748 2906 830 2955 satri·
876 2923 957 2974 πηαε,
980 2904 1029 2961 21.
1050 2898 1096 2959 καί
1118 2898 1162 2958 τὸν
1186 2899 1363 2959 Μακκαύαῖον
1392 2898 1549 2967 ἀπεδέξατο·

226 2998 324 3063 tioium,
345 2997 489 3046 honorarit
520 2995 646 3059 templum
668 3002 693 3045 tt
719 3008 830 3045 munera
876 2989 1004 3049 κατέλιπε
1032 2989 1180 3069 στρατηγὸν
1205 2989 1258 3047 ἀπὸ
1290 2988 1472 3065 Πτολεμαΐδος
1501 2986 1550 3054 ἕως

226 3088 327 3151 posuit.
345 3085 388 3135 rt.
405 3085 595 3135 llatltalraeum
611 3082 778 3149 amplexatus
793 3090 831 3133 est
876 3084 929 3138 τῶν
948 3082 1087 3157 Γιρρηνῶν
1107 3076 1300 3155 Ἣγεμονίδην.
1321 3081 1370 3138 25,
1390 3067 1491 3137 Ἦλθεν
1514 3080 1551 3144 εἰς

227 3184 250 3225 et
266 3174 327 3239 feeit
343 3188 401 3223 euru
417 3188 433 3223 a
448 3174 611 3223 Ptolemaide
624 3186 705 3235 usque
721 3173 755 3221 ael
771 3174 831 3221 Ger·
880 3162 1064 3241 Πτολεμαΐδα.
1081 3166 1260 3244 Ἐδυσιρύρουν
1275 3167 1401 3239 περὶτῶν
1416 3170 1551 3234 συνθηκῶν

227 3278 305 3313 renos
320 3262 410 3311 durem
424 3266 448 3310 el
462 3262 623 3325 prinoipem.
636 3260 680 3309 25.
697 3260 727 3310 lll
742 3266 829 3308 autem
877 3258 900 3315 οἱ
918 3255 1093 3331 Πτολεμαεῖς,
1107 3253 1236 3320 ἐδείνοζον
1249 3253 1301 3332 γὰρ
1316 3253 1382 3331 ὑπὲρ
1397 3245 1434 3311 ὧν
1448 3254 1550 3323 ἠθελη-

228 3353 300 3401 uenit
331 3349 536 3409 Ptolemaidem,
556 3348 678 3410 praviter
708 3348 829 3412 serebant
877 3366 927 3399 σαν
944 3343 1044 3402 ἀθετεῖν
1067 3340 1113 3409 τὰς
1128 3342 1305 3409 διασταλσεις.
1328 3343 1376 3401 26.
1398 3342 1554 3420 [Ιροςῆλθεν

228 3439 403 3489 Ptolemenses
442 3438 579 3487 amicitiae
621 3436 829 3495 conventionem,
878 3431 922 3490 ἐπὶ
947 3433 977 3489 τὸ
1002 3434 1077 3509 βῆμα
1102 3430 1213 3501 Λυσίας,
1235 3429 1421 3507 ἀπελογήσατο
1447 3431 1552 3510 ἐνδεχο-

228 3528 403 3591 indipnontes
413 3540 446 3577 ne
457 3527 525 3591 torte
536 3526 629 3589 foedus
641 3526 828 3590 irrumperent.
878 3520 975 3597 μένοις,
984 3519 1331 3600 συνέπεισι,κατεπρηίύνεν,
1340 3521 1457 3593 εὐμενεῖς
1464 3519 1554 3594 insin·

230 3618 272 3668 θθ.
297 3619 368 3667 Tune
394 3616 512 3665 attendit
536 3616 630 3677 Lysias
659 3612 782 3663 tribuual
808 3620 830 3663 el
878 3632 935 3680 σεν,
953 3608 1086 3678 ἀνέζευξεν
1107 3611 1143 3676 είς
1162 3607 1330 3687 Ἀντιόχειαν.
1350 3609 1431 3667 Οὕτω
1452 3611 1487 3667 τὰ
1507 3615 1554 3667 τοῦ

229 3707 349 3772 exposuit
371 3706 504 3755 rationem
524 3712 548 3752 et
566 3702 695 3768 populum
716 3704 829 3763 sedarit,
880 3698 1010 3777 βασιλέως
1023 3702 1070 3769 τῆς
1084 3698 1176 3779 ίρόδου
1190 3698 1236 3756 καὶ
1247 3702 1294 3769 τῆς
1307 3698 1438 3774 ἀναζυγῆς
1449 3696 1551 3776 ἐχώρη-

228 3808 413 3858 representare
444 3800 481 3843 est
512 3792 700 3847 Antiochiam·
727 3799 750 3841 et
786 3792 832 3841 troo
879 3810 935 3848 αεν.

228 3886 303 3936 modo
322 3884 393 3947 repis
410 3882 541 3947 protectio
561 3890 584 3931 et
605 3882 708 3931 reditus
726 3895 830 3946 prooes-

228 3975 274 4022 sit.

264 4142 318 4193 Pro
328 4154 355 4190 v.
370 4140 448 4190 tent
463 4138 536 4189 bene
549 4141 681 4202 proponit
694 4140 770 4190 Niese
787 4154 795 4189 .·
809 4154 850 4187 nat
866 4133 981 4196 εξελυσαν
994 4151 1361 4204 ευημερουντεςμιτοραινουαης
1374 4134 1422 4201 ηδτ,
1438 4154 1481 4202 της
1494 4156 1555 4206 ημε-

228 4244 279 4297 ρας·
295 4244 368 4280 τουτο
382 4225 519 4295 δἐγεγονει
541 4224 581 4275 δια
596 4230 649 4277 etc.
668 4227 699 4276 ln
716 4240 743 4276 ν.
760 4228 792 4277 ‘25
808 4226 897 4277 fertur
912 4239 1024 4291 quoque
1043 4222 1179 4276 εδιιλιαῖον
1193 4240 1329 4293 υττεραγαν·
1344 4222 1469 4290 ηθελησαν
1484 4230 1539 4278 etc.

274 4431 404 4498 ltieilur
429 4452 487 4496 rex
513 4428 664 4495 induisse
691 4450 808 4495 sensus
836 4428 968 4495 feroces
986 4428 1022 4493 in
1041 4425 1195 4507 ludaeos,
1211 4425 1257 4493 ite
1277 4433 1315 4494 ut
1339 4426 1380 4493 iis
1399 4428 1558 4514 infligere

231 4536 337 4605 vellet
355 4538 462 4603 multo
485 4536 656 4603 atrociora
679 4556 784 4624 quam
802 4535 844 4601 iis
863 4556 883 4601 e
903 4540 1002 4623 patre
1026 4537 1137 4600 essent
1154 4534 1257 4614 tuoto,
1271 4536 1308 4602 τὰ
1331 4543 1463 4621 χείριστα
1486 4546 1555 4615 τῶν,

234 4646 341 4712 habes
361 4642 418 4710 hio
438 4640 684 4731 superlativum
709 4641 770 4730 qui
789 4642 857 4709 ritu
881 4639 1195 4730 comparativorum
1220 4640 1410 4726 genitivum
1425 4646 1500 4731 post
1521 4664 1557 4708 se

231 4753 352 4833 habet;
375 4750 429 4817 vel
454 4747 482 4815 si
506 4754 663 4816 aeaurete
687 4747 767 4815 talia
793 4746 1068 4827 considerantur,
1092 4768 1163 4813 non
1191 4745 1331 4837 quidem
1357 4748 1562 4838 simpliciter
