3625 5367
720 363 746 420 1.
770 379 861 422 ulcu.
886 363 1048 434 raso-36.
1495 371 1553 429 219

215 512 363 600 positum
385 517 448 577 est.
474 510 508 576 Si
533 509 623 576 enim
642 509 694 576 illi
715 512 860 578 transire
871 518 1050 601 poterant,
1072 535 1133 579 cur
1157 535 1228 580 non
1255 521 1288 581 ot
1309 515 1387 583 alii?
1408 518 1552 586 fluvium

214 620 347 685 interea
363 617 466 683 nimis
486 617 698 695 intumuisse,
717 617 912 685 coniectura
933 625 982 686 est
1001 620 1082 685 satis
1105 619 1361 708 improbabilis.
1387 625 1552 690 Probabi-

213 720 281 791 li'us
296 729 348 790 est
366 723 534 790 lonathan
550 722 742 811 prudenter
754 724 979 813 perpendisse
995 726 1188 815 periculum
1204 727 1260 794 oui
1275 751 1353 795 suos
1367 737 1552 820 exponeret

215 831 252 897 in
266 831 407 917 regione
425 828 543 896 hostili
559 828 712 918 undique
728 829 954 898 circumdatos
965 837 999 898 et
1014 832 1190 899 conclusos
1203 833 1248 900 ah
1264 834 1480 903 adversariis.

258 937 374 1004 Aoiem
396 957 496 1003 suam
520 936 680 1002 lonathas
695 935 834 1002 divertit
855 937 893 1003 in
909 937 1038 1005 tribum
1060 939 1237 1027 quandam
1252 941 1417 1026 Arabum,
1438 945 1474 1010 in
1489 949 1550 1010 Za·

214 1043 380 1125 badaeos3
399 1064 487 1132 quae
507 1064 609 1108 causa
628 1042 732 1108 fuerit
754 1044 1035 1132 oppugnationis
1052 1047 1234 1127 nescimus
1253 1046 1318 1114 nisi
1334 1071 1440 1115 unam
1456 1049 1549 1116 illam

215 1170 440 1232 assumamus,
467 1169 524 1215 eos
545 1170 566 1214 a
589 1147 750 1237 partibus
770 1149 900 1217 stetisse
923 1151 1097 1218 Demetrii.
1119 1156 1249 1219 Nomen
1270 1154 1407 1221 videtur
1421 1156 1551 1222 servari

213 1260 250 1323 in
272 1257 441 1322 hodierno
465 1254 654 1335 Zcbedani,
676 1255 770 1344 quod
790 1264 841 1322 est
863 1278 990 1323 nomen
1016 1258 1153 1340 montis,
1175 1257 1344 1347 planitiei,
1369 1261 1490 1351 oppidi
1513 1263 1548 1328 in

213 1363 336 1429 itinere
356 1384 375 1427 a
394 1367 557 1429 Damasco
579 1360 731 1428 Baalhek
756 1383 885 1429 versus.
911 1364 962 1429 ab
988 1364 1041 1430 his
1061 1364 1205 1432 devictis
1225 1367 1390 1456 praedam
1410 1389 1550 1457 accepe-

213 1475 296 1536 runt
313 1467 440 1535 milites
464 1468 643 1549 lonathan,
660 1470 854 1559 praemium
873 1469 1101 1559 expeditionis
1120 1479 1301 1562 susceptae
1320 1473 1549 1562 laborumque
1655 1495 1658 1500 ’

214 1599 246 1644 v.
264 1583 319 1642 31.
343 1573 425 1641 lnde
440 1576 626 1665 protectus,
642 1578 803 1656 ἀναζεύξας
821 1576 879 1664 (ci.
900 1583 1011 1656 1132.
1031 1578 1170 1644 DNach.
1189 1585 1287 1660 5,11;
1312 1579 1439 1668 1139),
1457 1574 1549 1646 oe'icr't

213 1685 432 1763 Damascum,
449 1681 544 1767 vulg.
566 1692 599 1747 et
619 1680 747 1764 iunxit,
770 1688 803 1749 et
822 1704 981 1749 reversus
996 1685 1064 1750 est‘l
1078 1685 1197 1773 (equos
1211 1685 1358 1771 iungere
1374 1685 1493 1753 currui
1505 1686 1550 1753 ad

214 1788 397 1877 redituml)
413 1799 446 1853 ct
458 1787 725 1878 perambulabat
744 1810 879 1854 orionem
896 1789 1072 1877 cepionem
1087 1789 1198 1870 illam,
1215 1791 1252 1857 in
1275 1791 1475 1870 securitate;
1497 1792 1548 1859 in-

213 1894 309 1961 colae
331 1895 440 1982 igitur
463 1893 627 1960 favebant
644 1893 777 1962 ludaeis
800 1894 855 1960 vel
870 1901 962 1962 corte
982 1917 1053 1962 non
1074 1897 1249 1964 audebant
1272 1898 1314 1964 iis
1337 1920 1453 1964 creare
1475 1920 1547 1965 mo-

207 2000 340 2091 lestias.
368 2005 619 2068 Commemorat
638 2001 801 2090 Iosephus
820 2023 891 2068 uon
912 2002 1124 2082 Zabadaeos,
1140 2003 1200 2070 sed
1221 2005 1411 2071 Nabataeos
1426 2027 1458 2072 v.
1486 2011 1545 2088 313

212 2106 443 2197 probabiliter
463 2108 576 2197 posuit
599 2129 663 2197 pro
687 2130 748 2176 suo
769 2106 913 2176 arbitrio
933 2130 1058 2176 nomen
1081 2115 1201 2177 notum
1223 2133 1287 2200 pro
1312 2109 1446 2198 ignoto,
1470 2132 1548 2178 curn

213 2214 299 2281 alias
319 2213 362 2280 de
375 2214 560 2280 Zabadaeis
578 2236 648 2280 non
663 2219 821 2282 occurrat
837 2214 967 2282 mentio
984 2215 1075 2304 apud
1090 2222 1278 2284 veteres-
1293 2218 1386 2306 apud
1400 2217 1548 2284 Plinium

213 2326 293 2403 &33
318 2319 479 2386 meliores
498 2319 666 2387 editiones
687 2321 857 2408 praebent
878 2321 1042 2400 Gebadei,
1069 2343 1137 2388 non
1159 2323 1322 2402 Zehadei;
1341 2329 1491 2391 ceterum
1513 2323 1549 2390 hi

213 2426 334 2494 arabes
347 2427 473 2494 suntin
485 2431 578 2493 terra
591 2426 751 2492 orientali
764 2426 831 2493 Nili
847 2450 955 2517 prope
967 2429 1053 2494 lines
1064 2429 1266 2518 Aethiopiae
1277 2453 1284 2512 ;
1297 2429 1340 2520 cl.
1357 2426 1549 2497 Zeitaohriit
1665 2500 1671 2508 ,

212 2533 276 2601 der
298 2533 334 2600 d.
365 2532 535 2618 morgenl.
570 2533 804 2613 Gesellschaft‚
836 2540 860 2599 t.
895 2540 938 2600 25
969 2557 1002 2623 p.
1026 2539 1089 2601 531
1115 2572 1159 2584 -
1182 2537 1323 2624 insuper
1353 2536 1446 2624 quod
1478 2537 1548 2602 iam

216 2639 324 2706 Calm.
347 2643 477 2720 monet,
502 2639 666 2705 Nabataei
685 2645 764 2706 sunt
782 2639 886 2706 amici
907 2639 1111 2706 ludaeorum
1129 2639 1239 2727 (5‚25;
1263 2641 1356 2731 9‚35)
1380 2655 1492 2731 neque
1508 2663 1549 2708 ea

211 2746 249 2812 in
263 2748 404 2833 regione
417 2745 513 2812 sedes
529 2745 717 2812 habehant,
1498 2745 1500 2749 ’

256 2859 345 2931 Quae
367 2851 453 2920 inv.
484 2858 538 2918 33.
568 2857 610 2919 31
636 2852 679 2918 de
699 2851 837 2920 Simone
851 2859 1052 2936 narrantur,
1076 2865 1131 2922 tat
1156 2865 1204 2922 :tv
1221 2860 1307 2924 atati
1324 2866 1424 2944 carpti
1445 2854 1548 2943 (lose-

212 2959 329 3050 phus),
345 2959 411 3025 suh
432 2957 525 3024 idem
547 2964 683 3047 tempus
696 2965 793 3046 gesta
807 2964 896 3026 sunt.
919 2964 1005 3028 Dum
1025 2961 1197 3028 lonathan
1218 2959 1253 3027 in
1274 2960 1548 3051 septemtrionali

212 3071 310 3156 parte
324 3069 530 3163 versaretur,
554 3064 673 3131 Simon
687 3065 724 3131 in
741 3065 882 3152 regione
905 3066 1196 3136 Philisthaeorum
1214 3090 1309 3136 arces
1328 3073 1362 3135 et
1377 3067 1548 3158 praesidia

213 3177 343 3240 tutatus
357 3176 418 3255 est,
436 3193 481 3238 ne
502 3169 639 3237 asseclis
661 3171 825 3238 Demetrii
849 3171 1086 3255 traderentur3
1112 3174 1155 3240 de
1175 3175 1340 3242 Ascalone
1361 3175 1404 3242 of.
1428 3181 1544 3254 10,68;

215 3285 332 3362 11,oo;
350 3283 478 3368 loppen
492 3284 731 3365 πρεκατελάέετο
746 3278 925 3367 praevenit
940 3279 1013 3344 soil.
1031 3301 1090 3345 eos
1106 3279 1166 3367 qui
1181 3301 1257 3345 eam
1277 3279 1414 3346 asseclis
1433 3285 1545 3345 Deme·

212 3385 269 3451 trii
281 3384 417 3451 tradere
426 3384 617 3462 tentabant,
628 3404 704 3450 eam
716 3376 778 3472 pro
791 3407 827 3452 se
841 3385 1038 3472 occupavit;
1051 3383 1093 3450 de
1103 3390 1208 3474 loppe
1221 3386 1263 3451 cf.
1280 3391 1397 3467 10,75;
1411 3390 1444 3450 et
1457 3384 1546 3451 mili·

212 3498 285 3558 tare
297 3490 507 3580 praesidium
520 3490 557 3556 in
570 3512 611 3556 ea
623 3489 818 3572 collocavit,
833 3495 872 3556 ut
887 3490 970 3556 urbs
982 3489 1115 3557 ludaeis
1130 3496 1335 3558 servaretur.
1351 3495 1436 3558 Num
1452 3496 1547 3557 lona-

212 3598 431 3686 thas(10,'15.
445 3597 502 3683 ⁷6)
513 3596 650 3663 nullum
665 3596 715 3662 ibi
727 3595 939 3686 praesidium
955 3596 1164 3685 reliquerat?
1175 3597 1234 3662 Vix
1247 3596 1444 3686 probabile.
1458 3596 1547 3663 lllud

213 3710 287 3770 erat
307 3710 367 3770 aut
388 3702 491 3770 nimis
511 3710 614 3771 tenue
630 3708 691 3770 aut
712 3725 751 3769 ex
775 3702 859 3793 ipsis
878 3702 977 3770 urbis
993 3702 1161 3770 militibus
1184 3709 1352 3786 constans,
1376 3703 1436 3792 qui
1454 3724 1547 3768 nuuc

212 3811 394 3878 tentabant
407 3833 427 3876 a
440 3809 573 3877 ludaeis
587 3809 734 3877 deficere
749 3816 783 3877 et
796 3832 908 3878 arcem
923 3821 956 3878 ct
973 3819 1116 3897 ὀχύρωμα
1126 3809 1284 3899 prodere.
1303 3813 1426 3876 Eorum
1442 3830 1546 3875 cona-

212 3920 267 3983 tus
285 3915 470 3983 efficaciter
489 3916 667 3983 frustravit
688 3916 804 3983 Simon
826 3915 933 3983 celeri
956 3915 1105 3983 adventu
1122 3920 1156 3982 et
1176 3915 1346 4006 praesidio
1366 3915 1542 3982 collocato.

257 4024 420 4089 lonathas
443 4044 600 4090 reversus
625 4021 662 4088 in
684 4023 806 4090 urbem
827 4021 974 4090 concilio
997 4022 1172 4090 seniorum
1187 4027 1380 4090 convocato
1405 4043 1481 4090 cum
1504 4021 1547 4088 iis

213 4128 419 4196 deliberavit
433 4129 476 4195 de
495 4129 631 4196 arcibus
651 4130 689 4196 in
706 4129 832 4196 iudaea
846 4128 1084 4212 aedificandis;
1109 4135 1298 4214 οἰκοδομῆσαι
1312 4137 1496 4212 exstruere,
1513 4135 1547 4196 et

134 4315 138 4322 ¹
213 4235 318 4302 etiam
336 4235 375 4301 in
393 4234 516 4302 melius
538 4237 730 4316 restituere,
752 4237 931 4318 resarcire,
959 4235 1028 4304 alia
1053 4237 1232 4304 aedificare
1254 4238 1496 4323 munimenta(
1520 4236 1542 4301 f.

216 4342 319 4430 1,35).
338 4342 471 4408 Pariter
484 4341 715 4410 deliberatum
730 4349 780 4410 est
798 4354 989 4432 προςυψῶσαι
1011 4343 1135 4410 altiora
1152 4343 1308 4423 reddere,
1324 4342 1426 4408 altius
1439 4340 1546 4406 extol-

213 4447 285 4516 lere
308 4449 448 4514 moenia
477 4449 676 4529 ierusalem
705 4477 721 4510 a
746 4449 883 4515 moenia
904 4449 1112 4530 instaurare,
1143 4447 1265 4536 templi
1297 4451 1431 4536 septum
1455 4446 1546 4534 quod

214 4554 367 4622 dirutum
390 4561 464 4621 erat
488 4555 638 4636 reticere,
661 4555 736 4621 loca
760 4554 984 4622 circumcirca
1008 4555 1163 4621 turribus
1185 4552 1347 4642 praealtis
1369 4551 1503 4617 munire
1530 4579 1544 4608 >i

216 4662 392 4751 (Iosephus
413 4662 581 4750 13,5‚11);
609 4669 787 4750 praeterea
809 4661 942 4747 erigere
962 4682 1100 4728 murum
1123 4660 1229 4726 altum
1252 4681 1399 4748 eumque
1419 4659 1545 4725 ducere

214 4767 305 4835 inter
323 4790 438 4836 arcem
467 4775 501 4834 et
524 4767 659 4850 urbem,
682 4773 719 4834 ut
746 4789 806 4833 arx
823 4766 929 4856 plane
956 4772 1176 4856 separaretur
1204 4765 1247 4832 ab
1270 4764 1368 4849 urbe,
1397 4770 1433 4830 ut
1457 4769 1546 4832 esset
