3625 5367
713 327 740 384 l.
764 341 858 386 uacu.
884 326 1039 399 HAS-St.
1484 331 1542 389 227

172 474 175 478 ’
211 476 413 546 adhibentes
443 473 555 542 verbis
582 475 774 565 Tryphonis
797 475 969 561 Simonem
993 482 1191 544 accusarent
1213 477 1269 542 vel
1295 478 1459 544 avaritiae
1484 481 1539 546 vel

210 582 411 653 ambitionis
424 581 609 668 regnandi,
626 581 654 647 si
669 603 806 649 omnem
823 582 1017 669 negligeret
1036 583 1175 649 modum
1195 583 1335 650 fratrem
1355 583 1538 652 liberandi.

210 693 365 760 {licerent
377 688 482 770 enim,
500 694 539 754 ut
554 692 646 754 recte
661 689 756 777 apud
772 711 807 755 se
826 687 989 778 expendit
1003 690 1121 757 Simon
1137 711 1144 757 :
1163 689 1245 780 quia
1262 712 1331 757 non
1345 691 1420 757 misi
1437 691 1542 782 (misit

210 803 244 881 S,
273 819 300 883 s,
330 793 427 884 vulg)
449 794 481 862 ei
502 798 684 881 argentum
706 800 740 861 et
763 817 901 885 pueros,
924 794 1026 885 periit
1047 818 1079 862 v.
1107 801 1158 862 18.
1181 797 1343 885 Tryphon
1363 819 1433 864 non
1454 799 1546 866 stetit

211 903 388 995 promissis
403 924 466 992 per
482 900 615 988 legatos
629 900 735 980 datis3
754 903 918 968 mentitus
932 908 1018 984 eret,
1034 910 1202 990 διεψεύσατο
1217 904 1396 971 mendacio
1411 905 1544 986 fefellit,

215 1009 356 1097 negavit
378 1032 413 1076 se
438 1007 522 1075 talia
548 1029 611 1097 per
634 1008 765 1094 legatos
787 1009 982 1096 promisisse
1008 1009 1064 1098 (cl.
1092 1010 1150 1076 Gr.
1175 1011 1215 1076 K.
1241 1011 1312 1097 Ks.)
1338 1032 1368 1078 v.
1394 1019 1452 1097 19,
1479 1034 1547 1100 quo
1579 997 1581 1002 ’

214 1117 323 1185 altero
342 1137 445 1184 sensu
466 1114 611 1180 verbum
630 1115 741 1204 accipi
760 1119 885 1204 potest.
978 1139 986 1154 ·

256 1227 340 1290 Tum
357 1207 502 1288 tentavit
517 1221 680 1310 Tryphon
700 1220 839 1307 ingredi
859 1226 987 1288 terram
1007 1243 1152 1312 eamque
1172 1222 1368 1304 devastare3
1389 1223 1449 1290 sed
1468 1246 1547 1292 cum

213 1329 330 1398 Simon
345 1349 425 1396 cum
439 1329 509 1394 suis
524 1331 611 1394 esset
625 1327 662 1393 in
678 1326 809 1396 Adiada
829 1329 875 1418 (v.
896 1334 953 1409 13;
968 1328 1012 1395 cf.
1030 1327 1155 1418 1238),
1171 1350 1240 1395 non
1255 1334 1386 1418 poterat
1403 1352 1466 1419 per
1480 1331 1546 1398 iter

213 1437 384 1505 directum
403 1433 545 1502 tendere
567 1435 753 1502 lerusalem
768 1455 901 1516 versus3
923 1455 1029 1523 quere
1047 1447 1256 1524 pyracercmt
1266 1457 1333 1525 per
1349 1435 1441 1502 viam
1459 1459 1547 1526 quae

214 1542 310 1609 deecit
324 1540 428 1623 Actor,
448 1541 658 1608 circuierunt
674 1561 790 1607 versus
806 1541 900 1607 Ador
914 1540 938 1606 i.
953 1562 983 1608 e.
998 1540 1117 1631 aliquo
1129 1541 1274 1609 circuitu
1292 1562 1355 1632 per
1369 1542 1548 1633 planitiem
1752 1593 1756 1600 ·
1773 1593 1776 1602 .

213 1647 358 1717 tetendit
376 1652 418 1728 εἰς
438 1649 563 1736 Ἄδωρα
580 1648 614 1737 (2
631 1648 710 1714 Par.
731 1645 1069 1734 11‚e),hodiehura,
1090 1646 1184 1737 quod
1203 1652 1252 1715 est
1272 1648 1440 1738 oppidum
1455 1650 1552 1716 haud
1624 1689 1627 1696 ·
1751 1630 1776 1648 '¹

213 1755 261 1823 ita
286 1755 390 1841 longe
410 1754 453 1820 ab
474 1753 611 1820 Hebron
630 1752 721 1819 inter
739 1750 921 1820 meridiem
941 1756 975 1820 et
993 1753 1204 1820 occidentem
1221 1753 1335 1821 situm.
1355 1759 1478 1823 Verum
1500 1759 1551 1822 Si-

214 1884 295 1929 mon
311 1865 345 1929 et
361 1860 530 1928 exereitus
552 1860 625 1926 eius
647 1864 848 1947 ἀντιπαρῆγεν
868 1866 947 1948 αὐτῷ
970 1883 990 1927 a
1011 1860 1116 1927 latere
1137 1860 1221 1941 eius,
1243 1883 1283 1926 ex
1302 1860 1444 1928 adverso
1467 1885 1545 1931 eum

213 1969 321 2037 secuti
334 1973 415 2036 sunt
434 1966 581 2056 ubique;
602 1965 760 2033 dumille
779 1987 843 2055 per
862 1966 1042 2055 planitiem
1061 1965 1127 2032 iter
1144 1972 1423 2048 verteretversus
1440 1968 1543 2054 Ador,

215 2076 333 2142 Simon
347 2096 410 2164 per
422 2072 598 2159 regionem
613 2079 813 2140 montanam
829 2094 869 2139 ex
883 2073 1026 2140 adverso
1039 2079 1073 2140 et
1087 2074 1185 2162 quasi
1198 2095 1218 2140 a
1230 2071 1338 2140 latere
1353 2096 1432 2143 eum
1448 2078 1549 2142 comi-

215 2182 368 2250 tabatur.
383 2179 525 2246 Videtur
537 2177 698 2268 Tryphon
712 2177 858 2245 voluisse
872 2201 891 2245 e
907 2180 1046 2266 regione
1061 2179 1280 2248 meridionali
1298 2181 1418 2247 urbem
1433 2189 1550 2270 petere

215 2295 249 2356 et
282 2311 322 2356 ea
355 2291 518 2375 occupata
555 2284 748 2352 libertatem
779 2284 984 2353 ludaeorum
1012 2287 1220 2375 opprimere.
1247 2286 1310 2352 Sed
1335 2285 1449 2354 Simon
1478 2289 1549 2357 eius

216 2395 370 2481 vestigiis
386 2393 572 2461 inhaerens
592 2413 672 2460 eum
686 2390 854 2459 cohibuit.
871 2396 957 2459 Dum
976 2392 1136 2480 Tryphon
1154 2415 1194 2458 eo
1215 2392 1316 2459 modo
1331 2395 1544 2482 procederet,

217 2501 431 2569 advenerunt
445 2498 491 2566 ad
505 2520 583 2566 eum
599 2497 704 2585 legati
717 2496 812 2564 missi
826 2496 925 2563 abiis
941 2497 1000 2586 qui
1015 2498 1052 2563 in
1066 2519 1144 2564 arce
1157 2504 1268 2580 erant,
1286 2500 1435 2588 quicum
1450 2523 1552 2587 urge·

217 2609 303 2675 bant
330 2611 368 2673 ut
393 2629 455 2696 per
477 2604 648 2672 desertum
673 2603 776 2671 Iudae
800 2603 904 2670 adse
930 2603 1062 2672 veniret
1084 2609 1117 2670 et
1142 2603 1304 2674 alimenta
1324 2604 1390 2671 sihi
1410 2605 1546 2674 afferret
1609 2629 1613 2638 ·

218 2715 276 2804 (cf.
296 2714 426 2802 12³6).
440 2711 552 2780 Voluit
570 2710 711 2802 quidem
729 2731 848 2776 omnes
867 2709 1001 2800 equites
1018 2710 1170 2792 mittere;
1189 2717 1222 2776 at
1241 2733 1324 2801 prae
1343 2711 1452 2780 nimia
1469 2715 1547 2781 nive

217 2844 285 2890 non
298 2825 458 2911 poterant
470 2818 536 2885 iter
547 2818 722 2910 perticere.
741 2821 814 2882 Non
828 2816 932 2885 audet
946 2816 1111 2904 congredi
1129 2839 1207 2884 cum
1223 2818 1373 2886 exercitu
1387 2819 1545 2904 Simonis,

215 2927 275 2996 sed
290 2949 328 2994 re
343 2927 471 2993 intecta
484 2948 524 2991 ex
539 2924 673 2992 deserto
689 2922 792 2991 ludae
807 2922 1011 2992 circumiens
1025 2929 1159 3013 partem
1175 2923 1432 2992 meridionalem
1445 2928 1551 2996 maris

218 3033 424 3101 mortuisese
441 3032 562 3119 recipit
574 3031 612 3098 in
627 3029 767 3098 Galaad.
784 3034 894 3098 lratus
913 3029 957 3097 de
969 3032 1059 3097 malo
1076 3052 1230 3098 successu
1246 3031 1371 3100 occidit
1382 3035 1549 3102 Ionathan

217 3145 250 3208 et
272 3140 355 3207 duos
380 3139 453 3207 eius
476 3138 564 3205 tilios
586 3144 620 3205 et
641 3159 800 3204 reversus
828 3143 878 3203 est
898 3136 936 3203 in
958 3137 1103 3224 Syriam.
1126 3137 1257 3205 Occidit
1278 3161 1334 3205 eos
1358 3139 1451 3228 apud
1472 3145 1552 3208 Bas-

217 3245 381 3316 cemani.
407 3268 438 3312 e.
460 3244 531 3312 Tell
546 3244 674 3324 Bazuk,
696 3243 791 3332 quod
812 3263 940 3309 nomen
963 3243 1044 3308 satis
1070 3242 1229 3328 congruit
1247 3245 1449 3330 praesertim
1469 3269 1547 3313 cunr

219 3358 323 3422 Βασκά
348 3352 439 3442 apud
462 3349 645 3440 losephum
667 3349 757 3437 (hut.
783 3348 929 3430 13‚e,e);
951 3347 1064 3414 Bazuh
1086 3346 1188 3414 situm
1212 3354 1264 3414 est
1284 3349 1321 3414 in
1340 3350 1548 3419 Dseholana

216 3457 491 3550 septemtrionali
518 3461 616 3547 parte
642 3454 735 3521 lacus
760 3453 948 3520 Tiberiadis
973 3453 1140 3522 orientem
1166 3473 1295 3531 versus;
1322 3477 1404 3542 ergo
1431 3457 1467 3524 in
1494 3459 1548 3528 via

218 3589 288 3658 qua
306 3589 346 3634 ex
364 3563 490 3632 Galaad
508 3563 544 3630 in
564 3562 686 3630 Coelen
703 3561 839 3648 Syriam
860 3559 1073 3649 pervenitur.
1095 3565 1150 3627 Est
1168 3560 1239 3626 Tell
1257 3562 1371 3628 Bazuh
1391 3564 1487 3631 collis
1508 3588 1546 3632 er

218 3671 361 3762 planitie
376 3691 562 3757 exsurgens
577 3670 633 3760 (cl.
653 3665 845 3752 zeitschrift
860 3666 920 3733 des
937 3665 1125 3736 deutschen
1142 3667 1444 3735 Palestinavereins
1462 3677 1546 3738 1886

218 3803 253 3869 p.
277 3783 462 3859 35331889
484 3802 518 3868 p.
542 3783 622 3858 1513
639 3773 830 3842 zeitschrift
843 3773 900 3839 tur
913 3773 1011 3840 kath.
1029 3773 1227 3860 Theologie‚
1248 3774 1436 3842 lnnshruch
1458 3783 1543 3846 189h

219 3909 252 3977 p.
273 3886 366 3976 756).
384 3891 421 3952 ln
436 3909 468 3951 v.
485 3890 528 3951 22
542 3887 654 3951 textus
672 3882 768 3968 vulg.
790 3901 932 3948 mancus
946 3885 1011 3962 est;
1026 3885 1293 3966 textusgreecus
1306 3881 1417 3948 solum
1433 3889 1550 3973 eptam

217 3993 332 4063 fundit
352 4013 489 4060 sensum
515 3990 705 4080 eodemque
732 3988 834 4056 modo
855 3990 887 4067 S,
912 4008 938 4058 s,
964 3987 1041 4056 Scil.
1065 4009 1134 4055 non
1158 3989 1252 4054 venit
1271 3993 1414 4079 propter
1433 3991 1548 4059 nivem

221 4102 274 4191 (ut
295 4122 396 4190 opem
420 4101 527 4166 ferret
544 4097 587 4164 iis
609 4097 727 4188 quiin
751 4116 828 4162 arce
849 4093 979 4184 erant);
1006 4094 1065 4162 sed
1089 4095 1261 4184 proiectus
1284 4102 1334 4163 est
1354 4102 1388 4164 et
1408 4098 1495 4167 abiit
1514 4099 1550 4166 in

222 4206 360 4276 Galaad.

510 4407 538 4462 3.
560 4400 781 4461 Monumentum
801 4399 922 4476 eripitur
942 4398 975 4458 tra
996 4358 1101 4458 llodin
1124 4402 1274 4480 ,13,25·30.

269 4585 358 4646 1335.
374 4585 407 4634 Et
425 4583 500 4633 misit
513 4581 606 4633 Stmoa
621 4588 645 4629 et
661 4580 760 4643 accepit
780 4592 840 4628 ossa
926 4568 1029 4638 1335.
1055 4564 1109 4625 Καὶ
1134 4565 1272 4624 ἀπέστειλε
1295 4564 1387 4643 Σίμων
1413 4563 1457 4626 καὶ
1479 4565 1559 4626 [leda
1753 4523 1797 4652 pli

230 4673 360 4725 tenatiae
384 4672 482 4739 [ratrts
503 4672 546 4723 sat
566 4677 589 4721 et
608 4669 732 4736 repetivit
755 4682 788 4717 aa
808 4670 840 4717 ta
885 4652 918 4712 τὰ
947 4655 1013 4713 ὀστᾶ
1041 4653 1168 4714 Ἰωνάθαν
1188 4659 1234 4713 τοῦ
1258 4655 1370 4736 ἀδελφοῦ
1398 4655 1490 4728 αὑτοῦ,
1513 4655 1560 4714 καὶ

231 4763 320 4814 Ιοᾱίη
354 4763 462 4814 civitate
495 4767 605 4828 patrum
638 4759 706 4809 etas.
735 4756 781 4808 26.
806 4757 839 4805 Et
884 4741 1123 4838 Ῑθαψινιαῦτὸνὲν
1144 4741 1414 4804 meritonenses
1436 4743 1559 4825 πατέρων
