3625 5367
302 316 362 374 eat
844 309 872 366 1.
896 323 988 368 ulcu.
1014 307 1171 380 lehi-m.

305 479 337 528 in
358 474 504 526 Ierusalem
522 478 545 523 et
567 472 638 522 uidit
659 470 775 534 glorians
795 471 912 520 Simonis
960 456 1028 524 λε’ως
1053 459 1088 524 εἷς
1118 455 1296 537 Ἰερουσαλὴμ
1325 456 1371 514 καί
1401 445 1452 516 εἶδε
1482 457 1529 529 τὴν
1559 455 1633 525 δόξαν

303 574 328 617 et
341 565 494 614 claritatem
509 564 541 612 in
560 574 627 611 auro
645 567 669 609 et
689 565 800 622 argento
817 567 842 608 et
861 573 912 623 op·
963 547 1085 624 Σίμωνος
1097 545 1143 605 καὶ
1158 547 1288 604 κυλικεῖον
1304 545 1372 621 μετὰ
1385 545 1570 625 χρυσωμάτων
1590 547 1634 604 καὶ

303 660 431 719 paratum
451 653 586 715 copiosum
610 657 634 698 et
658 648 796 712 obstupuit
820 655 844 697 et
867 661 913 697 re·
963 635 1162 714 ἀργυρωμάτων
1190 634 1235 694 καλ
1263 635 1430 714 παράστασιν
1458 633 1562 708 ἱκανὴν,
1589 637 1634 693 καὶ

304 743 368 792 tulit
382 743 407 791 ei
427 741 509 791 rerba
525 741 607 802 repis.
627 737 671 789 33.
686 739 719 786 Et
734 736 873 801 respondit
888 739 913 786 ei
961 723 1085 792 ἐξίστατο
1110 723 1156 782 καί
1180 724 1339 800 ἀπήγγειλεν
1367 725 1439 803 αὐτῷ
1462 723 1521 789 τοὺς
1544 725 1635 802 λόγους

302 833 395 881 Simon
414 837 438 880 et
453 831 523 881 diait
540 830 591 878 ei:
613 841 697 891 neque
720 827 838 875 alienam
858 833 913 875 ser·
962 818 1007 872 τοῢ
1025 811 1165 892 βασιλέως.
1185 814 1234 872 33.
1253 811 1307 872 Καὶ
1324 813 1473 890 ἀποκριθεὶς
1488 811 1581 889 Σίμων
1595 805 1633 871 εί-

302 934 363 970 τοω
392 920 552 983 sumpsimus
576 930 661 980 neque
688 915 780 963 alieno
809 915 913 975 detine-
961 925 1009 968 πεν
1024 905 1106 981 αὐτῷ·
1122 899 1181 960 οὔτε
1198 903 1247 978 γῆν
1260 900 1402 980 ἀλλοτρίαν
1416 901 1562 982 εἰλήφαμεν
1576 903 1636 962 οὔτε

303 1021 375 1068 mus,·
400 1010 445 1057 sed
472 1007 648 1056 hereditatem
669 1011 778 1069 potrum
805 1011 912 1054 nostro·
963 990 1107 1070 ἀλλοτρίων
1125 989 1339 1070 κεκρατήκαμεν,
1359 988 1428 1048 ἀλλά
1446 993 1493 1061 τῆς
1511 992 1638 1069 κληρονο-

301 1113 371 1160 rum,
396 1111 464 1160 quae
486 1098 586 1146 iniuste
612 1095 645 1143 ol
670 1093 791 1142 inimicis
812 1094 912 1142 nostris
961 1079 1022 1156 μίας
1037 1082 1088 1138 τῶν
1105 1078 1226 1158 πατέρων
1239 1081 1326 1156 ἡμῶν,
1340 1077 1390 1136 ὑπὸ
1405 1077 1432 1137 δὲ
1447 1081 1547 1158 ἐχθρῶν
1559 1083 1637 1157 ἡμῶν

302 1187 396 1249 aliquo
426 1193 542 1248 tempore
570 1196 690 1248 possesso
719 1189 766 1232 est.
793 1181 836 1232 et.
862 1183 913 1232 llos
962 1168 1074 1249 ἀκρίτοις
1085 1167 1110 1226 ἔν
1121 1191 1171 1228 τινι
1181 1171 1265 1246 καιρῷ
1274 1165 1468 1248 κατεκρατήθη.
1480 1171 1529 1227 34.
1539 1167 1638 1242 Ἡμεῖς

303 1290 364 1326 vero
385 1281 487 1339 tempus
505 1273 631 1323 habentes
648 1271 818 1338 vindicamus
836 1271 913 1320 ltere-
960 1255 987 1316 ii
1010 1256 1102 1335 καιρὸν
1128 1257 1232 1336 ἔχοντες
1253 1255 1417 1336 ἀντεχόμεθα
1441 1261 1489 1328 τῆς
1511 1258 1637 1336 κληρονο-

303 1365 414 1413 dilatem
427 1370 536 1428 potrum
552 1369 717 1411 nostrorum.
735 1359 778 1408 35.
796 1360 863 1409 llam
882 1359 912 1407 de
960 1345 1023 1423 μίας
1035 1348 1086 1404 τῶν
1100 1346 1223 1424 πατέρων
1234 1349 1323 1420 ἡμῶν.
1339 1347 1387 1405 35.
1406 1346 1471 1426 ssepi
1485 1345 1513 1404 δὲ
1527 1345 1639 1418 Ἰόππης

304 1455 385 1517 lappe
408 1459 433 1501 et
456 1457 564 1501 Gazara
586 1463 654 1513 quac
672 1448 836 1513 expostulas,
858 1450 912 1511 ipsi
959 1435 1004 1494 καί
1026 1435 1152 1514 Γαζάρων
1172 1425 1208 1494 ὧν
1229 1439 1309 1501 αἰτεῖς
1329 1425 1406 1492 αὗται
1429 1433 1579 1517 incisuris
1598 1438 1638 1514 τῷ

303 1541 440 1606 saeuiant
455 1542 486 1589 in
504 1538 606 1604 populo
618 1537 731 1603 plagam
744 1551 871 1601 magnam
887 1541 912 1584 et
958 1525 1015 1604 λαῷ
1031 1522 1137 1602 πληγὴν
1159 1525 1276 1602 μεγάλην
1297 1521 1366 1581 κατὰ
1380 1521 1427 1592 τὴν
1441 1521 1532 1602 χώραν
1547 1528 1636 1600 ἡμῶν,

302 1631 455 1694 ιἰιτορίοιιε
469 1635 577 1687 nostra;
592 1626 792 1678 horumdamus
808 1625 912 1675 talenta
958 1613 1056 1672 τούτων
1086 1611 1205 1690 δώσομεν
1234 1611 1352 1672 τάλαντα
1377 1611 1481 1670 ἑκατόν.
1505 1611 1559 1673 liat
1588 1615 1639 1672 οὐκ

301 1727 416 1769 centum.
434 1719 466 1768 Et
483 1732 539 1767 non
555 1715 911 1781 responditeidtltenoblus
959 1701 1088 1781 ἀπεκρίθη
1119 1703 1191 1781 αὐτῷ
1220 1699 1308 1778 λόγον.
1337 1702 1386 1761 36.
1411 1697 1578 1782 Ἀπὲστρεψε
1609 1704 1639 1760 δὲ

304 1809 420 1856 serlum.
448 1806 491 1857 36.
515 1807 645 1855 Reuersus
668 1811 756 1854 autern
783 1817 841 1853 cum
867 1804 912 1851 tra
959 1789 1027 1867 μετὰ
1041 1795 1125 1867 θυμοῦ
1146 1789 1211 1870 πρὸς
1224 1789 1268 1848 τὸν
1285 1787 1397 1868 βασιλέα
1414 1789 1460 1848 καὶ
1476 1791 1637 1868 ἀπήγγειλεν

303 1897 338 1944 ad
358 1909 444 1958 repam
466 1895 635 1944 renuntiavit
656 1895 681 1942 ei
705 1891 787 1943 certo
812 1893 864 1941 ista
887 1899 911 1939 et
959 1879 1030 1957 αὐτῷ
1062 1877 1120 1944 τοὺς
1151 1879 1241 1956 λόγους
1270 1878 1377 1944 τούτους
1406 1877 1452 1936 καὶ
1480 1879 1528 1954 τὴν
1559 1880 1639 1948 δόξαν

300 1983 419 2044 gloriam
433 1983 551 2032 Simonis
567 1988 591 2030 et
604 1982 731 2030 universa
745 1994 813 2042 quoe
829 1980 908 2039 vidit,
960 1967 1079 2043 Σίμωνος
1098 1966 1144 2024 καί
1164 1967 1253 2025 πάντα
1271 1967 1321 2026 ὅσα
1340 1955 1404 2040 εἶδε,
1421 1968 1467 2025 κοί
1486 1967 1602 2050 ὠργίσθη
1625 1975 1640 2028 ὁ

300 2078 328 2120 et
342 2073 429 2122 iratus
444 2077 481 2119 est
497 2083 543 2120 rea
556 2070 600 2119 ira
614 2083 724 2131 mapno.
961 2053 1084 2134 βασιλεὺς
1099 2053 1177 2135 ὀργὴν
1193 2055 1324 2135 μεγάλην.

348 2261 448 2330 Redit
476 2260 632 2328 narratio
658 2259 703 2326 ad
727 2258 943 2326 obsidionem
967 2258 1065 2326 urbis
1089 2264 1195 2327 horae
1223 2261 1269 2348 (v.
1297 2261 1423 2349 tent).
1451 2262 1639 2330 Antiochus

303 2369 424 2437 urbem
445 2367 622 2435 obsedita
644 2383 680 2454 τῇ
704 2373 826 2456 δευτέρᾳ
845 2365 917 2433 scil.
943 2375 1041 2456 ἡμέρᾳ
1063 2366 1126 2455 (uti
1146 2370 1166 2433 S
1186 2367 1274 2433 hene
1289 2369 1427 2457 supplet
1447 2373 1480 2435 et
1503 2369 1638 2436 addunt

306 2481 358 2542 19.
375 2479 429 2540 et.
448 2472 503 2561 93)
520 2477 554 2539 et
575 2494 616 2538 eo
637 2470 692 2538 die
713 2469 884 2560 impetum
906 2470 943 2536 in
962 2471 1082 2538 urbem
1103 2471 1215 2538 lacere
1237 2471 1381 2562 incepit,
1400 2475 1559 2542 contiuuo
1573 2475 1638 2542 ad-

303 2581 432 2649 ducens
447 2596 553 2668 χεῖρας
569 2579 687 2668 copias
706 2583 741 2645 et
755 2577 935 2667 applicans
954 2576 1143 2646 machinas.
1161 2577 1261 2644 Omni
1277 2579 1394 2669 itaque
1414 2580 1527 2647 studio
1543 2581 1637 2650 obsi-

301 2688 442 2755 dionem
460 2686 609 2753 laeiebat
632 2690 665 2751 et
686 2683 771 2752 urbs
793 2686 887 2751 omni
907 2707 947 2751 ex
966 2690 1065 2774 parte
1085 2691 1158 2751 erat
1177 2684 1288 2752 cincta
1308 2692 1341 2752 et
1361 2686 1404 2753 ab
1427 2687 1523 2755 omni
1545 2711 1637 2756 com-

257 2850 262 2858 .
303 2795 531 2860 mercionum
556 2791 633 2858 aliis
657 2791 804 2858 occlusa.
829 2795 915 2858 Dum
942 2790 1075 2857 obsidio
1100 2792 1359 2880 protraheretur
1385 2793 1441 2882 (el.
1469 2794 1506 2860 in
1531 2819 1565 2863 v.
1593 2802 1636 2865 25

302 2903 348 2968 διὰ
362 2900 498 2985 παντὸς),
514 2897 631 2964 Simon
645 2896 722 2983 regi
734 2897 952 2987 misiteopias
965 2896 1159 2981 auxiliares,
1175 2897 1268 2964 misit
1282 2899 1463 2988 pecuniam
1483 2903 1632 2992 (aurum,

300 3005 498 3092 argentum)
525 3010 558 3070 et
585 3026 684 3084 roso,
699 3002 937 3070 *instrumenta
959 3025 1020 3070 seu
1041 3009 1247 3092 apparatum
1272 3005 1436 3074 bellicum
1458 3009 1633 3098 copiosum

301 3135 335 3179 ν.
352 3118 406 3179 26.
426 3115 551 3178 Verum
565 3109 753 3176 Antiochus
769 3131 829 3175 rex
847 3107 1038 3176 secundum
1054 3131 1184 3177 morem
1200 3112 1362 3179 usitatum
1378 3135 1500 3200 regum
1518 3115 1635 3203 Syriae

302 3218 385 3306 ogit.
404 3223 474 3285 lam
492 3217 585 3284 videt
600 3217 781 3306 Tryphone
799 3216 929 3283 incluso
945 3237 1092 3302 regnum
1110 3216 1175 3283 sihi
1189 3219 1322 3307 acquiri
1336 3241 1448 3308 neque
1463 3221 1532 3288 iam
1548 3223 1634 3308 ulte-

303 3326 373 3394 rius
387 3348 421 3392 se
433 3325 591 3411 indigere
608 3322 735 3390 auxilio
748 3323 970 3401 ludaeorum
987 3323 1078 3390 unde
1094 3346 1182 3413 quae
1196 3328 1274 3391 ante
1288 3349 1366 3393 oum
1383 3327 1520 3395 Simone
1535 3330 1635 3418 pepi-

303 3438 402 3518 gerat
424 3434 493 3498 iam
513 3431 628 3498 omnia
648 3430 807 3517 negligit,
832 3435 949 3520 aperte
970 3430 1132 3497 hostilem
1154 3431 1191 3497 in
1210 3453 1289 3499 eum
1308 3434 1462 3523 pandens
1479 3435 1634 3504 animum

303 3561 335 3606 v.
354 3545 409 3604 27.
427 3538 524 3605 Mittit
540 3537 583 3604 ad
599 3558 677 3602 eum
690 3557 799 3603 unum
815 3559 855 3601 ex
871 3535 992 3602 aulicis
1008 3536 1127 3604 amicis
1142 3539 1201 3626 qui
1215 3539 1378 3607 mandata
1394 3540 1492 3628 regia
1504 3543 1633 3610 Simoni

302 3646 465 3734 perferat.
484 3644 647 3726 Postulat,
666 3649 703 3709 ut
717 3643 783 3708 sibi
797 3641 956 3709 tradatur
972 3647 1087 3733 lappe,
1105 3649 1244 3726 Gazara,
1263 3667 1323 3713 arx
1340 3668 1347 3714 :
1365 3646 1520 3715 civitates
1537 3649 1635 3739 νομιεῖ

303 3753 371 3818 mei
393 3759 427 3819 et
452 3756 589 3819 accusat
617 3749 760 3816 ludaeos
784 3749 879 3838 quod
901 3770 1003 3834 agros
1032 3750 1208 3818 civitatum
1234 3753 1332 3840 regni
1359 3755 1411 3820 sui
1433 3761 1630 3838 vastassent,

307 3858 483 3944 regionem
507 3857 697 3947 plurimum
715 3854 913 3922 afflixissent
929 3859 963 3922 et
981 3857 1081 3944 potiti
1100 3864 1210 3926 essent
1230 3859 1346 3926 multis
1365 3861 1449 3928 loeis
1469 3862 1506 3929 in
1527 3885 1633 3950 regno

302 3987 375 4045 suo,
390 3966 427 4030 in
438 3986 544 4053 regno
554 3985 641 4029 meo.
658 3961 753 4030 Hisce
763 3968 878 4028 autem
891 3969 1009 4051 aperte
1024 3969 1143 4030 contra
1154 3967 1321 4053 promissa
1335 3968 1422 4054 agit;
1439 3990 1519 4036 nem
1530 3971 1633 4059 scrip·

302 4077 391 4135 serat
414 4070 543 4136 Simoni
573 4092 579 4136 :
610 4065 783 4157 praesidia
803 4090 892 4156 quae
913 4069 1143 4152 construxisti,
1168 4094 1256 4160 quae
1275 4078 1370 4140 tenes
1389 4115 1433 4123 -
1453 4071 1492 4144 ὧν
1513 4095 1632 4166 κρατεῖς

302 4213 346 4226 -
362 4180 524 4242 maneant
539 4173 603 4240 tibi
621 4175 666 4262 (v.
684 4173 735 4261 7);
754 4175 934 4242 remiserat
949 4198 1049 4243 omne
1068 4177 1234 4244 tributum
1251 4202 1291 4246 ao
1305 4179 1461 4248 debiturn
1478 4185 1524 4271 (v.
1543 4187 1630 4272 5‚8j1;

302 4305 394 4351 nunc
411 4280 534 4372 repetit
548 4281 705 4349 civitates
725 4288 910 4371 occupatas
930 4291 965 4348 et
986 4282 1117 4350 tribula
1136 4307 1199 4374 pro
1218 4285 1302 4352 locis
1321 4309 1410 4376 quae
1432 4293 1528 4356 entra
1551 4291 1634 4358 lines

303 4391 448 4458 ludaeae
461 4389 612 4479 possidet
624 4387 750 4456 Simon.
768 4387 805 4455 ld
821 4389 913 4479 quod
928 4391 1016 4456 male
1032 4412 1169 4479 quoque
1183 4394 1342 4479 congruit
1353 4417 1430 4463 oum
1440 4398 1633 4484 magnificis

301 4498 369 4564 illis
385 4497 560 4587 promissis
575 4519 606 4563 v.
626 4504 657 4564 9.
675 4500 830 4563 Aeoaron
850 4502 884 4563 et
904 4518 1023 4563 omnes
1037 4495 1121 4564 fines
1136 4499 1208 4565 eius
1224 4499 1292 4566 iam
1311 4503 1474 4571 Ionathae
1492 4503 1633 4572 donavit

301 4605 490 4672 Alexander
507 4603 653 4693 (10,89);
675 4603 712 4669 in
735 4602 862 4692 pugnis
881 4608 1001 4670 contra
1021 4603 1246 4672 Philisthaeos
1266 4605 1445 4694 regionem
1466 4618 1630 4680 vastatam

302 4733 375 4776 esse
396 4712 524 4800 (10,83.
547 4715 605 4791 8¹43
631 4715 720 4791 11,t.
739 4717 800 4792 613
819 4713 946 4796 1233),
966 4711 1138 4778 immerito
1153 4713 1296 4780 vertitur
1310 4713 1346 4782 in
1365 4719 1628 4788 accusationem.
