3625 5367
725 379 753 436 l.
777 394 867 438 usca.
892 379 1034 446 att-55.
1491 379 1548 439 103

218 535 317 584 lutaris
344 539 368 581 et
401 530 509 588 landis,·
538 530 581 581 57.
607 536 632 579 et
659 537 824 580 ornaverant
870 526 1076 602 κατεκόσμηααν
1102 527 1132 585 τὸ
1157 526 1227 586 κατὰ
1253 525 1394 606 πρόσωπον
1418 531 1464 586 τοῦ
1488 535 1550 588 ναοῦ

217 619 419 687 [αείεαιιεαιρῑί
435 620 539 668 coronis
561 619 651 668 aureis
669 625 692 667 el
711 620 824 668 scutulis
871 617 1007 696 στεφάναις
1030 623 1138 694 χρυσοῖς
1162 617 1207 675 καὶ
1232 615 1402 682 ἀαπιδίακαις
1428 618 1474 675 καὶ
1498 619 1551 676 ἐνε-

216 719 240 760 et
269 710 461 759 dedicaverunt
481 713 575 772 portos
598 714 623 756 et
645 708 825 772 pastophorio
870 704 992 763 καίνισαν
1018 705 1064 772 τὰς
1087 705 1172 768 πύλας
1195 705 1241 762 καὶ
1260 703 1294 763 τὰ
1315 705 1482 786 παστορόρια
1504 707 1552 766 καὶ

217 806 241 847 et
260 801 445 863 imposuerant
460 797 498 845 eis
513 799 621 846 tonnas.
638 797 681 846 58.
702 797 735 846 Et
751 796 824 860 sacta
871 794 1005 872 ἐθύρωσαν
1025 794 1104 854 αὐτά.
1122 795 1171 854 58.
1195 794 1249 852 Καὶ
1269 795 1380 872 ἐγενήθη
1401 795 1553 876 εὐφροσύνη

218 896 255 937 est
276 888 384 936 laetitio
409 887 439 935 in
462 885 563 951 populo
582 899 682 948 naapna
703 885 782 936 valde
802 893 825 934 et
871 883 976 959 μεγάλη
998 887 1025 942 ἐν
1047 887 1084 962 τῷ
1106 885 1165 961 λαῷ
1192 881 1291 962 σρύδρα
1317 884 1363 941 καὶ
1390 885 1553 966 ἀπεστράφη

218 991 341 1026 aversum
354 981 393 1024 est
405 975 580 1039 opprobrium
595 976 723 1037 nentium.
870 969 969 1037 ὄνειδος
985 973 1075 1029 ἐθνῶν.

254 1066 298 1116 59.
318 1065 351 1114 Et
372 1065 469 1114 statuit
494 1064 575 1112 ladas
600 1071 623 1133 et
643 1064 743 1127 fratres
767 1063 825 1110 elus
911 1063 960 1120 59,
986 1060 1040 1118 Καὶ
1065 1058 1174 1128 ἔστησεν
1198 1058 1300 1125 Ἰούδας
1325 1059 1372 1118 καὶ
1396 1063 1419 1118 οἱ
1444 1062 1552 1140 ἀδελφοὶ

219 1161 243 1204 et
268 1155 397 1204 universo
422 1151 533 1202 ecclesia
560 1151 656 1210 lsrael,
677 1158 706 1207 at
726 1157 826 1214 apator
872 1148 952 1207 αὐτοῦ
980 1148 1025 1206 καὶ
1053 1157 1128 1207 πᾶσα
1151 1152 1168 1218 ἡ
1196 1148 1325 1218 ἐκκλησία
1354 1148 1479 1225 Ἰσραὴλ,
1504 1149 1549 1209 ἵνα

219 1243 276 1293 dies
294 1242 473 1292 dedicationis
493 1240 592 1290 altoris
612 1241 643 1288 in
662 1240 825 1302 temporibus
871 1237 989 1315 ἄγωνται
1014 1238 1164 1314 αἱιὴμὲραι
1192 1238 1363 1314 ἐγκαινισμοῦ
1389 1241 1435 1295 τοῦ
1461 1245 1550 1298 θυσια·

218 1332 277 1381 suis
290 1331 324 1379 ab
339 1344 411 1379 anno
429 1330 461 1378 in
478 1343 580 1378 annum
594 1341 643 1392 per
657 1329 791 1387 dimasto,
809 1343 825 1377 a
871 1325 980 1404 ατηρίαυ
1002 1325 1028 1384 ἐν
1049 1333 1102 1392 τοῖς
1122 1333 1223 1404 καιροῖς
1245 1327 1331 1383 αὐτῶν
1352 1324 1469 1384 ἐνιαυτὸν
1490 1329 1549 1385 κατ’

220 1421 317 1482 quinta
340 1427 365 1468 et
386 1419 518 1481 aipesima
537 1419 579 1466 die
605 1419 702 1465 mensis
730 1416 825 1466 Caslea
871 1413 989 1473 ἐνιαυτὸν
1011 1415 1111 1490 ἡμέρας
1132 1410 1203 1472 ὀκτὼ
1227 1413 1281 1473 ἀπὸ
1303 1418 1350 1484 τῆς
1373 1413 1482 1488 πέμπῃς
1505 1414 1551 1472 καὶ

219 1522 277 1558 cum
293 1508 400 1557 laetitio
418 1514 442 1555 et
460 1507 572 1569 pandio.
589 1504 633 1554 60.
649 1505 682 1554 Et
698 1506 824 1568 aedifica·
872 1504 974 1570 εἰκάδος
996 1508 1042 1560 τοῦ
1063 1502 1143 1579 μηνὸς
1161 1505 1286 1563 Χααελεῦ
1309 1506 1367 1579 μετ’
1391 1505 1551 1582 εὐφροσύνης

220 1604 315 1649 serant
336 1598 367 1647 in
387 1602 502 1660 tempore
518 1594 569 1644 a'lto
586 1601 701 1643 montem
717 1595 785 1643 Sion
801 1601 825 1642 et
871 1592 917 1651 καὶ
931 1601 1025 1672 χαρᾶς.
1042 1593 1090 1652 60.
1109 1591 1161 1651 Καὶ
1175 1591 1352 1674 ᾠκοδόμησαν
1371 1595 1397 1650 ἐν
1409 1596 1448 1670 τῷ
1465 1595 1551 1670 καιρῷ

217 1699 268 1750 par
294 1686 436 1734 circuitum
465 1697 554 1734 muros
583 1682 653 1732 altos
682 1689 706 1731 et
740 1689 826 1732 turres
873 1679 964 1760 ἐκείνῳ
985 1682 1015 1738 τὸ
1033 1679 1091 1760 ὄρος
1112 1677 1194 1754 Σιὼν,
1216 1681 1342 1738 κυκλόθεν
1364 1680 1440 1759 τείχη
1461 1681 1552 1760 ὑψηλὰ

219 1775 321 1838 firmos,
337 1773 479 1837 nequando
495 1773 617 1822 venirent
630 1777 719 1834 pentes
731 1779 756 1821 ct
767 1785 825 1820 con·
872 1768 918 1828 καὶ
934 1768 1048 1846 πύργους
1067 1767 1190 1848 ὀχυροὺς,
1207 1768 1310 1846 μήποτε
1331 1767 1551 1846 παραγενηθέντα

220 1861 356 1912 culcarent
381 1875 449 1920 enm,
481 1863 549 1910 stent
582 1868 662 1910 antea
695 1859 823 1922 fecerant.
872 1857 906 1915 τὰ
930 1857 989 1927 ἔθνη
1012 1858 1239 1929 adrameriensem
1266 1857 1344 1927 αὐτὰ,
1364 1861 1400 1924 ὡς
1423 1857 1552 1929 ἐποίησαν

221 1950 264 2000 61.
295 1951 328 2000 Et
354 1950 497 2000 collocavit
525 1948 585 1998 illlt
615 1951 766 2009 exercitum,
797 1956 825 1998 nt
871 1945 902 2004 τὸ
923 1945 1058 2025 πρότερον.
1077 1948 1126 2006 bl.
1143 1945 1198 2007 Kal
1217 1944 1340 2014 ἐπέταξεν
1364 1945 1420 2004 ἐκεῖ
1440 1945 1568 2021 δύναμιν

221 2046 359 2089 servarent
380 2054 449 2099 tom,
471 2045 494 2088 et
516 2039 633 2088 munivit
650 2052 709 2087 enm
722 2039 757 2087 od
778 2051 825 2087 cn·
871 2043 961 2112 τηρεὶν
981 2035 1045 2094 αὐτὸ
1068 2033 1114 2094 καλ
1139 2035 1286 2116 ὠχύρωσαν
1309 2033 1373 2094 αὐτὸ
1393 2043 1482 2114 τηρεῖν
1503 2033 1552 2106 τὴν

220 2129 387 2178 stadiendam
398 2130 566 2188 bethsuram,
578 2135 606 2176 ut
618 2128 726 2176 baberet
737 2140 824 2191 popu·
873 2124 1039 2201 Βαιθσούραν
1058 2129 1104 2183 τοῦ
1118 2123 1188 2203 ἔχειν
1205 2123 1250 2183 τὸν
1265 2123 1327 2183 λαὸν
1341 2123 1470 2202 ὀχύρωμα
1485 2123 1554 2181 κατὰ

223 2217 264 2267 lus
293 2219 471 2268 monitionem
503 2224 598 2266 contra
629 2217 725 2281 sociem
761 2216 825 2264 ldn·
872 2215 1016 2294 πρόσωπον
1031 2218 1077 2284 τῆς
1092 2213 1255 2289 Ἰδουμαίας.

222 2319 321 2356 macae.

256 2448 382 2498 Alterum
394 2462 453 2496 auro
471 2461 554 2514 τηρειν
568 2448 597 2496 ln
613 2460 638 2496 v.
662 2447 692 2496 ot
709 2459 756 2496 om
771 2447 801 2508 S,
817 2461 841 2508 s,
860 2447 902 2497 55.
926 2447 984 2498 toa.
1003 2447 1062 2498 Sed
1078 2460 1140 2498 cum
1156 2447 1230 2510 apud
1245 2449 1318 2498 alios
1332 2451 1419 2498 testes
1441 2446 1553 2508 legatur

221 2540 249 2586 et
263 2536 367 2586 bonum
381 2537 514 2599 praebeat
528 2548 652 2595 sensum,
670 2536 737 2600 (scil.
753 2548 845 2586 arcem
864 2536 1033 2586 Bethsuram
1050 2537 1186 2586 inservire
1202 2536 1236 2586 ad
1256 2535 1459 2598 protegendum
1475 2545 1552 2582 mon·

150 2685 159 2704 θ
222 2631 278 2675 tem
290 2623 409 2690 templi),
426 2626 580 2676 retineatur
590 2625 712 2687 oportet.
730 2624 820 2675 Facile
835 2626 947 2688 poterat
961 2625 1052 2674 omitti
1065 2625 1145 2687 quasi
1159 2625 1280 2674 inaniter
1292 2625 1439 2686 repetitum
1452 2634 1482 2670 re
1497 2633 1554 2670 non

220 2713 293 2764 bena
306 2715 462 2776 pcrspecta.

266 2861 324 2928 Die
339 2865 381 2929 25
405 2859 531 2927 mensis
546 2861 641 2940 noni,
654 2880 745 2926 anno
761 2864 825 2928 tta
845 2859 867 2925 i.
888 2881 919 2925 e.
938 2881 1057 2926 mense
1077 2857 1252 2926 decembri
1266 2857 1348 2926 anni
1364 2866 1426 2927 165
1442 2881 1474 2924 a.
1492 2857 1552 2924 Ch.

223 2967 390 3034 sollemne
409 2966 566 3033 oblatum
587 2972 637 3033 est
655 2965 862 3033 sacrificium
881 2987 985 3057 super
1004 2967 1111 3035 altare
1134 2965 1411 3033 holocaustorum
1429 2984 1554 3032 novum

225 3074 318 3164 quod
332 3073 494 3140 fecerant.
512 3072 639 3139 Sedulo
664 3077 763 3139 notat
788 3095 884 3139 sacer
904 3077 1031 3140 auctor
1052 3095 1084 3140 v.
1115 3079 1157 3141 bl
1182 3078 1340 3140 accurate
1356 3072 1477 3139 eodem
1500 3069 1556 3136 die

223 3189 301 3269 post
314 3185 383 3246 tres
396 3201 504 3247 anuos
516 3178 713 3246 dedicatum
731 3201 802 3246 esse
818 3201 907 3245 novo
928 3177 1095 3246 sacrificio
1111 3179 1233 3260 altare,
1252 3201 1320 3267 quo
1335 3178 1421 3245 illud
1438 3182 1555 3243 conta·

225 3284 441 3354 minaverant
453 3292 589 3373 gautes;
603 3287 645 3352 cf.
660 3291 749 3365 l,62.
765 3285 933 3371 Religiose
949 3284 1137 3352 adnotatur
1151 3283 1354 3351 sacrificium
1375 3304 1445 3348 essa
1461 3281 1556 3347 obla-

225 3398 298 3460 tum
326 3391 514 3460 secundnm
546 3391 670 3481 lepem,
690 3391 776 3477 legis
803 3391 896 3457 enim
924 3390 1094 3458 restitutio
1131 3388 1337 3480 praeprimis
1367 3385 1463 3454 cordi
1482 3392 1556 3452 crat

225 3497 330 3588 idque
354 3499 546 3589 praemium
567 3499 727 3566 laborum
755 3508 789 3564 et
804 3497 1032 3564 certaminum
1059 3494 1266 3564 habebatur.
1289 3494 1371 3573 Quia
1390 3491 1555 3560 sacrificio

224 3601 442 3672 idololatriac
462 3606 628 3694 templum
646 3609 718 3670 erat
738 3605 974 3692 profanatum,
988 3603 1060 3671 eius
1075 3602 1246 3670 dedicatio
1260 3600 1461 3669 iuremerito
1475 3621 1555 3665 con-

227 3705 355 3779 tinetur
365 3712 400 3777 in
417 3711 593 3778 oblatione
605 3710 762 3778 sacritioii
777 3709 924 3796 legitimi
941 3716 1007 3777 [teo
1019 3711 1109 3777 lacta
1121 3715 1155 3776 et
1167 3709 1205 3776 in
1220 3706 1473 3775 consecratione
1489 3704 1555 3770 sol-

227 3817 334 3884 lemni
360 3817 480 3884 altaris
506 3819 797 3886 holocaustorum.
817 3823 854 3883 ln
881 3840 950 3906 qua
979 3816 1211 3884 sollemnitate
1239 3814 1388 3881 maxima
1415 3815 1557 3878 etl'ertur

225 3925 357 3991 laetitia
380 3924 418 3990 in
441 3924 597 4006 canticis,
615 3924 765 4011 hymniS,
785 3922 936 4012 psalmia,
956 3931 990 3992 et
1017 3930 1137 3992 cantus
1160 3919 1394 3990 instrumentis
1418 3916 1558 3984 musicis

227 4030 461 4098 instruebatur
474 4031 512 4097 in
529 4030 682 4112 citharis,
700 4031 842 4120 cinyras,
859 4031 1025 4120 cymbalis
1030 4051 1046 4116 ,·
1057 4031 1147 4117 hebr
1160 4030 1225 4118 lit?
1247 4027 1340 4118 apud
1355 4029 1434 4094 Lxx
1452 4023 1557 4091 vorti-

228 4143 285 4203 tur
296 4148 400 4226 κινύρα
420 4137 625 4227 plerumque
645 4138 680 4203 in
700 4137 796 4205 libris
815 4160 937 4224 regum
960 4143 994 4204 ct
1011 4138 1172 4227 Paralip.;
1191 4136 1251 4203 sed
1272 4141 1378 4224 κιθάρα
1396 4133 1430 4200 in
1445 4137 1497 4200 Ps.
1515 4135 1555 4198 la.

227 4243 304 4326 10b;
321 4250 356 4310 at
376 4249 430 4311 Pa.
452 4249 531 4324 802
550 4242 692 4333 ponitur
711 4249 816 4331 κιθάρα
842 4266 905 4331 pro
929 4233 982 4308 hot
1004 4244 1174 4325 nablium‚
1194 4243 1395 4332 psalterium
1416 4237 1556 4330 (Harsa).

229 4354 339 4427 Quare
359 4352 425 4416 hoc
440 4372 579 4440 quoque
599 4349 675 4416 loco
695 4350 823 4430 nablia,
848 4349 1013 4433 citharae,
1032 4349 1192 4438 cymbala
1211 4356 1314 4416 crunt
1332 4343 1558 4430 intelligenda

229 4453 288 4546 (cl.
300 4459 359 4524 Gr.
373 4456 447 4544 K.);
461 4456 505 4524 cl.
518 4463 616 4537 last
633 4457 670 4521 in
685 4455 828 4544 cinyriS,
844 4457 1020 4542 cymbalis,
1035 4456 1161 4523 nablis.
1183 4453 1358 4522 sacrificia
1369 4472 1445 4518 cum
1456 4454 1557 4516 cantu

230 4567 264 4629 ct
282 4565 413 4630 musica
437 4585 509 4630 esse
538 4561 760 4641 celebranda,
777 4561 846 4627 iam
872 4585 892 4628 a
916 4561 1043 4628 [tavida
1063 4561 1258 4628 institutum
1280 4581 1351 4626 esse
1374 4556 1561 4623 edocemur

230 4670 261 4757 (ε
279 4673 353 4738 rar.
374 4671 501 4756 man).

274 4776 424 4867 Populus
446 4769 573 4864 magua
595 4773 776 4842 devotione
801 4779 834 4840 et
860 4774 1053 4842 reverentia
1076 4795 1193 4841 sacrae
1223 4771 1350 4842 actioni
1373 4769 1484 4838 cultus
1502 4770 1560 4836 Dei
