3625 5367
85 91 123 106 svs*
195 91 196 94 ¹
265 87 270 94 '

64 107 163 150 vaur*
193 122 200 131 ε
223 112 225 118 ‚
252 123 262 141 Ι.

40 146 41 149 ,
66 144 86 151 .,
111 145 115 152 ,
212 141 232 147 ..

59 143 158 191 suma*
177 169 181 176 '
200 147 283 188 *Ust‘b

51 188 92 230 r.⁴
116 208 139 228 Ι.
166 185 169 197 ι

248 347 307 408 200
747 349 778 408 1.
800 363 894 410 nau.
918 350 1071 424 truilos.

246 503 328 587 polu
341 497 500 564 fortunae
513 496 705 565 destructus
729 519 836 588 quam
860 499 1108 588 elatus,p1·im0
1129 497 1262 588 proelio
1283 498 1393 566 victus
1414 499 1578 566 interfici-

246 608 314 685 tur,
332 601 496 693 deditque
510 626 641 694 poenus
660 612 695 672 ct
712 605 882 672 Demetrio
895 627 1000 694 quem
1023 604 1209 686 occiderat,
1226 609 1260 672 ct
1283 607 1468 687 Antiocho,
1482 607 1578 708 cuius

247 710 410 777 mentitus
422 709 593 797 originem
608 711 722 779 lucrat
737 739 768 779 ν,
1425 729 1427 734 ·

464 939 511 992 ll.
535 933 615 1011 Quae
635 933 799 995 Demelrius
819 934 865 994 II
880 933 1003 995 Iudaeis
1023 935 1192 996 concesserit
1213 939 1365 1011 tato-37.

283 1131 374 1190 stac.
390 1133 427 1180 lu
440 1133 535 1182 diebus
550 1132 610 1182 illis
625 1135 798 1197 conprepaoit
813 1140 853 1183 lo·
942 1124 1038 1191 1120.
1053 1120 1102 1182 Ἐν
1118 1129 1177 1190 ταῖς
1197 1121 1310 1201 ἡμίραις
1328 1121 1443 1190 ἐκείναις
1461 1122 1579 1200 συνήγα-

245 1222 345 1270 ualuas
366 1235 409 1270 eos
427 1223 475 1284 qui
495 1229 573 1271 eraut
588 1225 620 1271 ιἰι
638 1224 749 1281 Iudaea,
765 1229 795 1271 ut
810 1236 852 1271 er·
898 1233 943 1286 γεν
959 1211 1085 1271 Ἱωνάθαν
1100 1210 1161 1278 τοὺς
1179 1212 1208 1268 ἐκ
1225 1215 1272 1282 τῆς
1291 1209 1424 1277 Ἰουδαίας
1438 1215 1483 1270 τοῦ
1496 1212 1578 1271 iuro-

244 1318 399 1374 pupuarem
414 1323 501 1359 arcem
516 1325 584 1372 quoe
603 1319 640 1359 cst
660 1311 691 1359 iu
707 1310 853 1360 Ierusalem
898 1300 1016 1376 λεμῆσαι
1053 1299 1100 1372 τήν
1134 1299 1218 1380 άκραν
1253 1297 1302 1370 τὴν
1339 1301 1365 1358 ίν
1399 1297 1579 1380 Ἰερουσαλὴμ

246 1405 271 1447 et
285 1397 404 1462 iecerunt
419 1406 514 1447 contra
525 1412 582 1447 eam
592 1401 732 1449 machinas
742 1399 851 1449 multas.
897 1388 944 1445 καί
972 1387 1095 1461 ἐποίησιν
1123 1386 1165 1446 ἐπ’
1195 1388 1278 1460 αθελν
1306 1387 1432 1470 μηχανάς
1461 1389 1574 1456 πολλάς.

248 1485 291 1536 21.
323 1486 355 1535 lit
383 1487 509 1536 abierunt
531 1488 642 1550 quidam
665 1489 713 1550 qui
739 1489 853 1538 oderant
899 1477 950 1536 21.
974 1475 1029 1536 Καί
1065 1477 1245 1556 ίπορεύθησάν
1283 1500 1350 1544 τινες
1385 1481 1524 1555 μισοῦντες
1548 1476 1579 1536 τὸ

246 1582 349 1638 perstem
371 1589 449 1624 suam
466 1577 522 1624 viri
541 1577 634 1639 iniqui
649 1578 684 1626 ad
700 1589 789 1641 repem
801 1578 853 1626 De·
898 1563 970 1632 ἔθνος
985 1568 1070 1626 αὐτῶν
1093 1565 1184 1646 άνδρες
1204 1567 1358 1646 παράνομοι
1379 1565 1444 1646 πρὸς
1464 1565 1507 1624 τθν
1527 1569 1579 1646 βα-

246 1665 370 1712 metrium
406 1671 431 1713 et
465 1667 693 1716 renuntiaverunt
725 1667 751 1714 ei
783 1667 853 1729 quasi
899 1653 975 1713 σιλέα
1001 1654 1047 1714 καὶ
1073 1654 1238 1733 ἀπήγγειλαν
1269 1657 1342 1734 αύτῷ
1376 1655 1416 1714 ὅτι
1448 1654 1577 1716 Ἰωνάθαν

194 1769 199 1776 ·
247 1753 376 1801 locutios
404 1752 536 1802 obsideret
564 1768 661 1804 arcem.
692 1755 735 1806 λθ.
765 1755 798 1804 Et
824 1762 853 1806 ut
898 1743 1078 1822 περικάθηται
1104 1743 1152 1814 τὴν
1181 1742 1275 1822 άκραν.
1307 1745 1355 1806 22.
1379 1743 1433 1804 Ιίαί
1463 1743 1580 1818 Ιοἰκούσας

247 1841 362 1900 audiuit,
380 1842 467 1892 iratus
492 1850 539 1902 cst,
565 1850 589 1892 et
614 1845 708 1893 statim
729 1846 803 1894 veuit
819 1845 853 1892 ad
898 1833 1029 1912 ὠργίσθη,
1054 1835 1090 1899 ὡς
1115 1831 1143 1892 δί
1167 1831 1290 1904 ἤκουσεν,
1315 1831 1408 1898 εὐθέως
1438 1831 1579 1902 ἀναζεύξας

247 1929 441 1979 Ptolemaidem
466 1939 490 1978 οι
519 1932 628 1996 scripsit
658 1933 788 1982 louatlme
819 1947 853 1982 ue
898 1912 977 1993 ἦλθεν
999 1925 1035 1988 εἰς
1048 1919 1223 1997 Πτολεμαΐδα
1245 1922 1291 1980 καί
1312 1923 1426 2003 ἔγραψεν
1447 1920 1576 1980 Ἰωνάθαν

247 2017 378 2067 obsideret
397 2032 493 2078 arcem,
519 2021 564 2069 sed
586 2027 733 2070 occurreret
751 2021 854 2070 sibiad
899 2014 944 2069 τοῦ
972 2007 1009 2085 μὴ
1043 2013 1237 2090 περικαθῆσθαι
1269 2014 1316 2069 καὶ
1346 2017 1393 2070 τοῦ
1423 2011 1578 2082 εἰιιαντῆσαι

248 2105 411 2170 colloquium
438 2107 577 2170 festinato.
607 2109 650 2159 23.
683 2109 714 2158 llt
747 2093 854 2159 eudicti
900 2097 979 2156 αὐτὸν
997 2098 1069 2178 αύτῷ
1093 2097 1253 2175 συμμίσγειν
1276 2101 1312 2167 εἷς
1332 2095 1508 2176 Πτολεμαΐδα
1530 2099 1580 2170 τὴν

249 2203 337 2245 autem
348 2197 490 2247 irretitas.
507 2198 587 2246 iussit
600 2197 730 2257 obsidere,
742 2203 766 2247 et
774 2197 854 2262 clepit
899 2186 1041 2266 ταχίστην.
1058 2189 1108 2248 23.
1125 2187 1176 2254 Ὦς
1193 2186 1220 2246 δὲ
1232 2187 1346 2259 ἤκουσεν
1362 2187 1503 2260 Ἰωνάθαν,
1517 2187 1578 2246 ἐκέ-

249 2285 280 2332 de
303 2283 454 2334 senioribus
473 2285 561 2334 lsrael
576 2292 602 2334 et
624 2286 655 2334 de
671 2287 855 2337 sacerdotibus
899 2275 977 2334 λευσε
998 2279 1202 2356 περικαθῆσθαι,
1230 2275 1277 2335 καί
1300 2273 1406 2344 ίπίλεξε
1434 2279 1485 2334 τῶν
1510 2299 1578 2353 πρε-

249 2382 273 2422 ει
290 2373 362 2422 dedit
383 2387 410 2422 se
434 2373 557 2438 periculo
564 2387 572 2435 ;
588 2374 633 2424 il.
648 2382 671 2423 et
687 2376 788 2441 accepit
803 2390 853 2425 au·
899 2363 1036 2442 σύυτίρων
1056 2363 1168 2443 Ἰσραὴλ
1189 2365 1235 2424 καί
1256 2367 1308 2423 τῶν
1329 2363 1420 2445 ἱεράων
1441 2365 1488 2423 καί
1508 2363 1577 2423 ἔδει·

248 2475 309 2510 rum
323 2469 347 2511 et
361 2471 501 2525 arpentum
515 2470 538 2512 et
553 2470 686 2512 aestemet
700 2463 759 2514 alic
773 2467 854 2515 cruia
899 2477 945 2513 κεν
966 2453 1059 2512 ἑαυτὸν
1079 2459 1118 2534 τῷ
1138 2453 1261 2534 κινδύνῳ,
1281 2456 1330 2514 24.
1352 2454 1398 2512 καί
1420 2451 1510 2512 λαύιλν
1531 2457 1578 2533 ip-

248 2551 344 2611 multa,
370 2558 394 2600 et
415 2551 482 2600 abiit
503 2553 539 2602 acl
558 2566 646 2616 repem
660 2553 855 2604 Ptolemaidam
899 2543 989 2623 γύριον
1012 2541 1060 2600 καί
1080 2543 1190 2624 χρυσίον
1214 2543 1261 2601 καί
1282 2541 1429 2620 ίμαιισμθν
1451 2542 1497 2601 καί
1515 2541 1578 2600 ἕτε-

249 2646 273 2690 ει
288 2641 395 2691 iuaerrit
410 2643 531 2704 pretium
544 2641 577 2691 ιἰι
590 2649 730 2707 ecuspectu
749 2644 816 2693 eius.
901 2655 934 2712 ρα
954 2630 1025 2698 ξένια
1046 2633 1157 2692 πλείονα
1177 2630 1306 2713 ἐπορεύθη
1325 2631 1392 2709 πρὸς
1407 2630 1452 2690 τδν
1466 2629 1579 2710 βασιλέα

900 2723 938 2788 είς
970 2719 1144 2799 Πτολεμαΐδα
1177 2720 1223 2780 καί
1258 2711 1316 2800 εὗρε
1347 2721 1427 2800 χάριν
1462 2719 1580 2779 ἐναντίον

901 2833 993 2868 αυιου.

287 2905 331 2954 25.
355 2906 388 2954 Et
414 2905 628 2970 interpellabunt
650 2910 778 2958 aduersus
796 2922 855 2958 eum
941 2901 990 2958 25.
1018 2897 1071 2956 ίίαί
1102 2897 1275 2978 ἐνετύγχανον
1306 2899 1366 2956 κατ’
1398 2901 1478 2956 αὐτοῦ
1510 2897 1579 2965 τινὲς

251 2993 362 3054 quidam
385 2994 475 3055 iniqui
506 3008 536 3043 εε
559 3002 636 3058 peute
664 3009 724 3046 suu.
751 2997 794 3046 26.
820 2997 869 3045 lit1
901 2983 994 3060 ἄνομοι
1011 2988 1064 3043 τῶν
1087 2987 1175 3046 ίκτυύ
1197 2988 1296 3053 ἔθνους.
1312 2987 1361 3049 26.
1378 2985 1435 3046 Καί
1454 2985 1578 3059 ἐποίησιν

251 3080 314 3145 [ecit
331 3082 358 3128 ei
379 3094 426 3130 reu
444 3083 512 3130 sicut
535 3080 652 3145 feceruut
677 3085 702 3132 ei
723 3086 770 3147 qui
793 3092 854 3134 aute
901 3073 973 3153 αὐτῷ
998 3078 1012 3132 θ
1040 3073 1164 3152 βασιλεὺς
1184 3073 1271 3142 καθὼς
1303 3074 1432 3146 ἐποίησαν
1461 3077 1534 3154 αὐτῷ
1554 3077 1578 3134 οί

251 3183 310 3219 eum
330 3169 449 3232 fueraut,
468 3179 493 3220 ct
512 3170 642 3222 exaltavit
661 3186 720 3221 eum
741 3175 773 3223 iu
790 3187 855 3222 cou-
900 3161 952 3242 πρθ
972 3163 1064 3235 αὐτοῦ,
1082 3162 1129 3220 καί
1146 3161 1251 3246 ὕψωσεν
1271 3163 1352 3222 αὐτὸν
1370 3162 1487 3224 ἐναντίον
1508 3166 1579 3223 ποίν-

250 3265 340 3323 spectu
378 3261 497 3308 menium
538 3262 685 3311 amicorum
729 3275 852 3324 suarum;
900 3274 952 3309 των
969 3255 1021 3310 τῶν
1041 3250 1123 3328 φίλων
1140 3255 1231 3313 αὐτοῦ.
1249 3254 1297 3314 27·
1312 3252 1367 3314 Καί
1380 3251 1492 3322 ἔστησεν
1506 3253 1580 3332 αὐτῷ

252 3347 297 3397 27.
312 3355 337 3396 ct
350 3349 447 3399 statuit
461 3350 487 3396 el
501 3350 689 3415 principatum
710 3353 855 3401 sacerdotii
899 3339 948 3409 τὴν
970 3339 1169 3420 ἀρχιερωσύνην
1191 3341 1237 3400 καὶ
1255 3338 1305 3401 ὅσα
1327 3342 1397 3401 ἄλλα
1419 3331 1475 3422 εἶχε
1501 3340 1579 3418 τίμια

251 3444 276 3486 et
289 3450 466 3500 quaecumque
479 3437 538 3487 alio
552 3439 649 3488 habuit
662 3441 741 3505 prius
754 3442 855 3506 pretio·
899 3428 931 3488 τθ
947 3433 1073 3510 πρότερον
1092 3429 1138 3488 καὶ
1156 3429 1280 3503 ἐποίησεν
1299 3431 1377 3490 αὐτὸν
1394 3433 1446 3490 τῶν
1465 3429 1578 3511 πρώτων

251 3539 292 3584 sa,
314 3532 338 3574 et
362 3524 423 3589 iecit
444 3540 503 3575 eum
525 3529 678 3593 principem
697 3531 852 3579 amicorum.
900 3516 984 3597 φίλων
1007 3518 1141 3596 ἡγεῖσθαι.
1168 3521 1216 3579 28.
1236 3519 1291 3580 Καί
1316 3519 1428 3590 ἠξίωσεν
1451 3518 1580 3580 Ἰωνάθαν

252 3612 296 3664 θθ.
322 3615 355 3663 lit
377 3615 525 3680 postulauit
551 3617 678 3666 louatlros
697 3633 715 3666 a
734 3632 803 3682 repe,
825 3627 854 3668 ut
899 3605 945 3666 τθν
968 3605 1080 3687 βασιλέα
1108 3611 1219 3680 ποιῆσαι
1246 3604 1295 3680 τὴν
1319 3608 1453 3669 Ἰουδαίαν
1479 3610 1579 3690 ἀραρο-

251 3705 393 3752 immuuem
416 3703 515 3768 fuceret
539 3705 667 3755 luciacum
691 3713 715 3755 et
739 3714 791 3756 tres
814 3713 855 3756 to·
900 3695 1012 3773 λύγητον
1045 3697 1091 3754 καὶ
1116 3696 1164 3763 τάς
1186 3696 1255 3774 τρεῖς
1279 3697 1427 3777 τοπαρχίας
1451 3697 1499 3755 καί
1529 3695 1578 3768 τὴν

250 3792 379 3856 parahias
398 3799 422 3841 et
442 3794 595 3843 Samariam
614 3801 639 3844 et
657 3797 772 3861 eoufiacs
786 3796 853 3855 eius,
901 3785 1065 3864 Σαμαρεῖτιν
1093 3783 1139 3844 καὶ
1160 3787 1338 3864 ἐπηγγείλατο
1365 3787 1436 3865 αύτῷ
1458 3785 1578 3846 τάλαντα

251 3887 276 3930 et
297 3881 421 3945 promisit
442 3884 467 3929 ei
486 3881 589 3932 talenta
610 3890 736 3938 trecenta.
757 3885 801 3935 29.
822 3885 855 3934 Et
901 3873 1050 3952 τριακόσια.
1072 3875 1122 3936 29.
1142 3871 1195 3934 Καὶ
1230 3873 1374 3946 εὐδόκησεν
1405 3877 1419 3934 θ
1453 3873 1578 3954 βασιλεύς

189 4003 193 4014 .
251 3970 383 4018 οοιιιεπείι
402 3982 447 4018 rec
469 3977 493 4018 et
517 3972 626 4036 scripsit
651 3974 781 4023 louatlme
795 3975 854 4038 epi·
900 3961 947 4020 καί
962 3961 1061 4042 ἔγραψε
1078 3964 1116 4042 τῷ
1131 3961 1257 4022 Ἰωνάθαν
1272 3960 1416 4031 ἐπιστολάς
1432 3962 1495 4043 περὶ
1508 3962 1578 4022 πάν-

251 4055 333 4104 stolas
351 4057 381 4104 ἀι
397 4057 439 4106 lais
454 4059 576 4107 omnious
592 4060 662 4109 huuc
676 4062 781 4110 modum
795 4077 855 4111 cou-
900 4073 953 4109 των
974 4049 1074 4110 τούτων
1092 4050 1205 4130 ἐχούσας
1228 4051 1272 4110 τδν
1293 4051 1392 4131 τρόπον
1410 4059 1512 4123 τοῦτον.

251 4145 387 4193 lineales:

286 4231 332 4287 30,
365 4234 418 4282 lieu
443 4234 591 4284 Demetrius
616 4235 701 4310 [ratri
723 4238 854 4289 lauatlme
941 4229 989 4290 30.
1004 4227 1133 4294 Βασιλεύς
1144 4229 1299 4310 Δημήτριος
1311 4229 1440 4290 Ἰωνάθαν
1451 4231 1490 4310 τῷ
1502 4229 1578 4288 ἀδελ-

249 4320 398 4372 salutemet
411 4324 485 4386 penti
500 4323 671 4375 ludaeorum.
899 4319 941 4397 ρῷ
958 4316 1063 4397 χαίρειν
1084 4316 1130 4376 καὶ
1150 4317 1220 4377 ἔθνει
1243 4317 1389 4380 Ἰουδαίων·

285 4412 327 4462 31.
355 4411 511 4476 Ecemplum
536 4414 666 4477 epistolae
685 4429 768 4478 quam
787 4417 853 4466 scri·
939 4407 989 4468 31.
1001 4405 1041 4466 Τὸ
1053 4405 1215 4488 ἀντίγραφον
1229 4412 1276 4480 τῆς
1288 4410 1431 4480 ἐπιστολῆς
1446 4398 1478 4479 ἧς
1497 4407 1578 4486 ίγρά·

245 4502 349 4565 primus
363 4502 490 4551 lastlieui
503 4505 614 4566 parsuli
625 4511 718 4554 uostro
733 4506 764 4555 de
778 4505 853 4555 vobis
898 4497 987 4574 ψαμεν
999 4494 1128 4556 Λασθένει
1140 4501 1178 4574 τῷ
1192 4505 1314 4574 συγγενεῖ
1323 4501 1401 4574 ἡμῶν
1418 4499 1479 4574 περὶ
1491 4499 1576 4574 ὑμῶν,

246 4591 369 4638 misimus
383 4591 419 4638 cd
428 4603 474 4640 eos
485 4596 515 4638 ut
529 4593 644 4643 sciretis.
899 4583 1069 4664 γεγράφαμεν
1081 4583 1128 4642 καί
1142 4587 1206 4663 πρὸς
1220 4588 1289 4660 ὑμᾶς
1303 4584 1374 4653 ὅπως
1386 4586 1485 4656 εἰδῆτε.
1565 4629 1567 4632 -

282 4677 327 4728 32.
351 4679 403 4727 lieu
427 4679 574 4730 Demetrius
594 4682 720 4732 Lastheni
740 4683 852 4748 percuti
938 4673 987 4732 32.
1014 4669 1145 4740 Βασιλεθς
1179 4675 1331 4755 Δημήτριος
1365 4674 1498 4736 λασθίνει
1537 4675 1576 4754 τῷ

244 4763 368 4814 salutem.
897 4761 979 4839 πατρί
998 4761 1113 4841 χαίρειν.
