3625 5367
252 325 311 384 160
783 318 811 374 I.
836 333 929 376 arsen.
954 319 1051 386 93-6.

254 473 296 540 de
312 472 438 540 Galaad
453 469 573 558 nequit
592 467 754 554 cogitari;
776 465 961 532 Bacchides
981 467 1071 533 enim
1092 467 1249 536 celeriter
1266 470 1448 538 Ierusalem
1467 493 1585 538 versus

251 579 364 670 pergit
378 581 423 668 (v.
442 585 489 661 3).
507 574 690 642 Galilaeam
706 578 820 639 tamen
841 573 993 662 praefert
1008 573 1238 660 Wellhausen‚
1260 577 1320 666 qni
1344 583 1496 644 nostrum
1514 583 1584 644 tex·

172 735 175 740 -
252 693 323 753 tum
340 684 504 771 corrigit:
524 685 685 763 Μεσαδωθ,
711 689 741 746 ἐν
771 679 948 766 Ἀρέήδοις;
967 687 1080 746 censet
1104 681 1196 748 enim
1221 683 1278 768 agi
1301 683 1343 748 de
1370 684 1584 773 praedonum

253 791 471 882 receptaculo
494 787 633 856 Arheda
651 785 794 876 (hrbad,
808 785 927 873 hrbid)¹
947 785 984 852 in
999 787 1160 870 Galilaea,
1178 789 1272 878 quod
1286 789 1470 858 Bacchides
1482 791 1518 856 in
1528 791 1585 856 iti-

251 922 333 966 nere
356 895 521 965 deleverit
547 895 603 982 (cl.
630 893 717 980 Iis).
734 898 777 958 ne
803 895 968 960 stamine
993 903 1046 976 τὴν
1066 901 1095 961 ἐν
1123 896 1285 983 Ἀρὸήλεις
1314 897 1411 962 varia
1433 896 1585 964 coniecta

252 1010 343 1085 sunt,
360 993 465 1069 nibem
479 1000 609 1087 gradus
625 1000 648 1065 i.
667 1021 697 1064 e.
715 999 791 1066 loca
804 998 953 1065 declivia
967 1000 1135 1067 montium
1151 1023 1269 1069 versus
1284 1002 1462 1093 planitiem
1483 1004 1585 1070 mari·

252 1111 372 1178 timam
389 1109 543 1198 (Weiss),
555 1108 611 1173 vel
625 1121 729 1172 neren
741 1127 848 1188 arceS,
866 1114 897 1172 ἐν
923 1107 1090 1194 Ἀρεήλοις
1105 1130 1232 1175 nomen
1248 1109 1425 1195 regionis?

295 1217 381 1285 Satis
405 1215 562 1283 celeriter
590 1212 775 1280 Bacchides
802 1212 975 1300 usquead
999 1214 1182 1280 Ierusalem
1206 1215 1432 1304 progreditur
1455 1239 1486 1282 v.
1506 1223 1525 1282 3
1551 1219 1586 1283 ln

251 1346 369 1392 mensa
385 1323 495 1412 primo
511 1323 593 1386 anni
608 1325 684 1400 152,
701 1340 786 1404 ergo
801 1320 873 1383 lere
890 1340 959 1384 uno
974 1341 1090 1387 mense
1104 1320 1172 1408 (vel
1184 1320 1212 1388 si
1227 1345 1267 1388 eo
1280 1345 1370 1389 anno
1385 1323 1478 1388 hdar
1492 1345 1585 1390 men-

252 1431 297 1498 sis
310 1438 345 1497 et
359 1428 490 1495 render
504 1427 592 1492 forte
611 1424 821 1504 habebatur,
837 1423 978 1491 duobus
993 1426 1182 1511 mensibus)
1205 1434 1282 1517 post
1293 1428 1427 1495 cladem
1443 1431 1585 1496 Nicano-

253 1537 313 1603 ris.
328 1540 443 1624 Neque
458 1533 493 1600 id
507 1530 741 1621 improbabile
759 1536 821 1596 est.
838 1535 921 1596 Nam
944 1553 984 1597 ex
1000 1533 1172 1600 Bethoron
1193 1533 1302 1623 spatio
1317 1534 1435 1601 decem
1451 1535 1584 1602 dierum

253 1643 443 1710 Demetrius
458 1637 583 1706 certior
601 1637 678 1704 fieri
692 1643 826 1728 poterat
840 1636 882 1704 dc
906 1637 1016 1705 clade.
1038 1643 1150 1705 Cornu
1169 1639 1326 1708 dextrum
1337 1641 1503 1708 exercitus
1516 1642 1585 1708 iam

253 1748 454 1816 versabatur
468 1747 505 1812 in
521 1750 618 1836 parte
640 1742 859 1810 meridionali
874 1744 984 1830 regni,
1003 1766 1113 1833 neque
1129 1769 1215 1834 opus
1237 1746 1389 1814 habebat
1407 1748 1474 1813 iter
1491 1748 1585 1815 insti-

254 1862 349 1921 tuere
372 1855 417 1920 ab
437 1851 632 1932 Antiochia;
652 1870 760 1941 quare
780 1851 947 1917 exercitus
967 1873 1084 1918 versus
1111 1853 1216 1919 finem
1235 1853 1338 1943 primi
1361 1855 1489 1921 mensis
1512 1855 1585 1920 sine

254 1960 328 2028 ulla
346 1961 547 2028 difficultate
562 1958 606 2025 ad
622 1957 809 2024 Ierusalem
829 1963 939 2022 castra
952 1980 1081 2046 ponere
1097 1960 1227 2047 potuit3
1250 1959 1319 2026 imo
1335 1959 1452 2030 Ewald
1471 1967 1586 2028 censet

252 2074 410 2156 tempore
432 2063 641 2132 celebritatis
665 2063 837 2151 paschatis
861 2063 1045 2130 exercitum
1074 2065 1254 2133 advenisse
1281 2066 1494 2156 (Geschichte
1524 2067 1584 2134 des

255 2173 378 2240 Volkes
397 2172 502 2239 Israel
520 2175 559 2237 IV
572 2193 606 2259 p.
626 2169 715 2255 IBI).
731 2172 853 2236 Verum
872 2191 950 2234 mox
969 2171 1156 2237 Bacchides
1179 2193 1258 2239 cnm
1285 2173 1406 2259 viginti
1431 2173 1584 2240 millibus

254 2279 407 2372 peditum
431 2282 465 2344 et
479 2276 615 2345 duobus
635 2273 789 2342 millibus
810 2276 964 2364 equitum
985 2278 1158 2366 protectus
1180 2279 1282 2346 estin
1302 2285 1454 2348 Beream.
1473 2281 1583 2359 Ratio,

253 2409 315 2453 cur
326 2383 502 2454 recesserit
515 2384 559 2450 ab
573 2381 772 2464 Ierusalem,
784 2381 929 2448 affertur
942 2383 980 2449 in
990 2406 1022 2449 u.
1042 2389 1077 2466 t3
1095 2385 1279 2452 exercitum
1293 2386 1365 2452 scil.
1383 2386 1584 2453 Iudaeorum

253 2515 323 2559 non
339 2489 469 2580 reperit
489 2511 597 2579 prope
622 2489 761 2569 urbem,
783 2487 844 2554 sed
868 2489 968 2555 ludas
993 2491 1108 2580 copias
1132 2513 1210 2558 suas
1229 2492 1413 2578 collegerat
1436 2492 1470 2558 in
1492 2493 1586 2559 Laisa

254 2598 383 2688 (vulg);
400 2598 429 2664 si
443 2598 529 2663 haec
548 2594 649 2661 lectio
674 2593 854 2676 retinetur,
874 2594 969 2662 Laisa
995 2596 1050 2686 (Is.
1078 2597 1192 2687 10,30)
1216 2597 1385 2688 oppidum
1408 2606 1458 2665 est
1477 2619 1585 2688 prope

253 2705 453 2785 Ierusalem;
479 2703 608 2782 Ἐλασὰ,
630 2724 689 2768 seu
714 2702 849 2770 Ἐλεασά
871 2701 1026 2790 (hereat
1042 2703 1084 2769 cf.
1103 2704 1278 2794 Iosephus
1301 2695 1385 2772 Bell.
1412 2705 1486 2772 ind.
1515 2711 1583 2786 1‚1.

253 2812 288 2900 6)
308 2811 438 2900 pariter
449 2811 620 2876 incertum
642 2812 705 2874 est.
727 2806 761 2874 si
788 2812 963 2896 spectatur
984 2831 1015 2875 v.
1035 2815 1098 2878 15:
1116 2816 1314 2898 persecutns
1332 2817 1382 2877 est
1399 2833 1455 2876 eos
1476 2833 1585 2900 usquc

253 2919 297 2986 ad
309 2923 461 2984 montem
481 2915 589 2994 Azoti,
608 2912 779 3001 proelium
795 2913 1015 2980 commissum
1036 2922 1085 2981 est
1100 2917 1312 2983 occidentem
1329 2939 1446 2983 versus
1471 2917 1513 2984 ab
1535 2924 1585 2984 Ie-

254 3025 403 3092 rusalem
422 3024 459 3089 in
474 3020 616 3110 planitie
631 3020 693 3085 illa
708 3040 796 3107 quae
816 3041 837 3084 a
852 3018 1025 3085 montibus
1041 3043 1156 3088 versus
1176 3022 1340 3089 ditionem
1362 3022 1586 3091 philisthaeo-

255 3154 331 3198 rum
354 3128 560 3196 extenditur.
579 3126 630 3192 lbi
649 3125 778 3213 itaque,
797 3125 859 3190 ubi
876 3130 1007 3191 montes
1024 3127 1167 3194 Iudaeae
1191 3129 1262 3195 lere
1285 3129 1446 3196 desinunt
1464 3131 1587 3219 quaeri

254 3235 427 3328 oportebit
442 3241 585 3302 Beream
601 3239 635 3300 et
647 3233 758 3299 Elaea.

298 3344 397 3431 Apud
412 3343 532 3409 Iudam
551 3341 661 3408 solum
683 3340 748 3404 tria
760 3337 870 3406 millia
885 3337 1038 3406 virorum
1056 3347 1194 3430 reperta
1211 3349 1301 3410 sunt.
1319 3346 1384 3409 Cur
1398 3348 1468 3410 tam
1484 3345 1586 3432 pauci

256 3450 402 3517 milites?
423 3448 522 3514 Omni
546 3447 797 3534 exspectatione
820 3444 921 3513 eitius
948 3467 1058 3513 novus
1080 3447 1139 3514 ille
1163 3453 1327 3535 Syrorum
1355 3449 1504 3540 impetus
1530 3451 1585 3516 in-

254 3556 419 3644 gruebat3
436 3575 542 3643 qnare
564 3552 668 3619 Indae
693 3574 761 3618 non
783 3550 886 3618 luisse
908 3553 1045 3621 videtur
1066 3554 1305 3644 opportunitas
1321 3557 1467 3622 maiores
1489 3556 1585 3622 colli-

255 3662 362 3752 gendi
383 3661 509 3751 copias.
528 3665 672 3750 Insuper
689 3658 759 3726 iam
784 3665 876 3739 7,12.
893 3665 934 3726 13
955 3659 1103 3727 vidimus
1123 3661 1253 3729 scribas
1269 3667 1302 3728 et
1320 3662 1497 3730 assidaeos
1516 3685 1586 3729 non

254 3772 385 3837 stetisse
401 3791 422 3835 a
440 3767 597 3858 partibus
616 3764 916 3844 Ilachabaeornm3
935 3787 1042 3854 quare
1065 3767 1192 3834 mirum
1211 3791 1282 3835 non
1301 3776 1364 3846 est,
1381 3769 1409 3836 si
1425 3767 1526 3836 multi
1544 3791 1586 3834 ex

254 3877 385 3965 populo
408 3876 514 3942 etiam
538 3874 582 3940 ab
605 3873 646 3938 iis
667 3871 874 3938 recedebant
898 3870 955 3937 vel
977 3872 1098 3939 saltem
1121 3897 1200 3942 cum
1223 3875 1263 3941 iis
1284 3897 1355 3943 sese
1375 3875 1584 3963 coniungere

257 3982 438 4064 nolebant;
456 3980 516 4047 alii
537 3980 681 4046 fortasse
702 3979 806 4043 satius
826 3977 998 4066 putabant
1021 3979 1209 4068 quiescere,
1226 3981 1334 4049 donec
1356 3983 1587 4049 innotesceret

256 4085 374 4176 quida
394 4085 557 4152 Romanis
578 4090 668 4151 esset
685 4083 968 4172 exspectandum3
986 4084 1070 4152 alios
1090 4110 1215 4178 eosque
1235 4111 1304 4155 non
1327 4111 1490 4178 paucosa
1510 4090 1585 4177 lege

256 4192 312 4260 nei
334 4193 439 4260 luisse
459 4191 587 4258 alienos
607 4198 752 4279 apparet
767 4195 858 4267 933.
879 4194 999 4256 Verum
1021 4191 1046 4257 ii
1065 4216 1202 4283 qnoque
1224 4196 1283 4284 qui
1303 4196 1346 4261 ab
1369 4195 1468 4262 initio
1486 4197 1584 4283 signa

256 4299 358 4367 Iudae
378 4300 488 4366 secuti
509 4302 619 4378 erant,
639 4295 781 4362 minime
801 4317 920 4362 omnes
945 4297 1064 4364 fideles
1086 4309 1294 4370 manserunt.
1313 4302 1470 4368 videntes
1491 4303 1584 4368 enim

257 4407 515 4474 multitudinem
536 4403 686 4471 hostium
708 4426 738 4468 v.
761 4409 780 4468 6
805 4403 931 4470 animis
950 4405 1193 4490 conciderunt;
1219 4406 1336 4475 deerat
1351 4408 1427 4475 m'va
1447 4408 1533 4475 fides
1552 4413 1586 4474 et

255 4537 332 4604 spes
351 4512 470 4580 auxilii
491 4511 614 4593 divini,
631 4511 723 4600 quod
745 4518 861 4577 tamen
882 4515 984 4577 antea
1002 4514 1139 4601 saepius
1158 4515 1287 4604 experti
1307 4525 1420 4599 erant;
1440 4515 1585 4606 repetito

256 4622 406 4687 hostium
430 4623 571 4687 incursu
592 4640 727 4685 sacrum
748 4616 838 4684 illud
859 4617 1012 4684 studium
1035 4619 1155 4687 tuendi
1179 4620 1291 4708 legem
1318 4628 1351 4687 et
1373 4622 1505 4690 cultum
1529 4622 1586 4687 Bei

258 4727 413 4812 elanguit
430 4733 463 4794 et
479 4727 553 4816 ipsa
568 4725 695 4794 fiducia
714 4732 747 4791 et
764 4747 842 4814 spes
857 4725 1013 4814 prosperi
1027 4748 1143 4794 rernm
1161 4725 1269 4796 esitus
1283 4734 1424 4797 enecata
1444 4751 1515 4796 esse
1534 4727 1586 4794 vi-
