3625 5367
260 367 319 426 ese
767 363 795 418 ι.
819 375 909 420 usco.
934 360 1089 434 repes-c.

264 521 305 570 bt.
321 527 343 567 et
364 520 447 583 coepit
464 517 579 582 populus
598 515 685 565 lsrael
704 515 817 565 scribere
837 515 867 562 in
915 513 964 571 42,
988 509 1033 568 καλ
1053 507 1151 590 ἤρξατο
1173 515 1187 569 ὑ
1208 508 1270 575 λαὸς
1296 507 1406 587 Ἰσραὴλ
1428 507 1537 588 γράρειν
1563 508 1589 566 ἐν

262 608 363 658 tabulis
384 615 408 655 ct
430 608 512 669 pestis
530 606 673 672 publicis:
693 605 867 668 annoprimo
914 602 972 665 ταῖς
999 605 1164 678 συγγραφαῖς
1192 599 1238 656 καὶ
1268 597 1497 673 συναλλάγμαοιν·
1522 597 1594 663 ἔτους

261 698 309 747 sub
338 699 446 747 Simone
472 709 573 745 summo
593 695 737 755 sacerdote,
769 707 868 755 nsopno
915 687 1020 768 πρώτου
1040 687 1085 745 ἐπὶ
1104 686 1225 762 Σίμωνος
1247 685 1391 766 ἀρχιερέως
1411 687 1528 764 μεγάλου
1547 688 1592 744 καὶ

182 833 186 842 ,
262 790 325 836 duce
340 793 364 834 et
379 785 506 849 principe
522 785 692 834 iudaeorum.
916 783 1065 856 στρατηγοῦ
1079 774 1124 834 καλ
1143 772 1292 852 ἡγουμένου
1305 773 1453 835 Ἰουδαίων.

298 877 341 926 43.
360 875 391 923 ln
404 874 497 922 diebus
507 872 567 922 illis
577 873 711 937 applicuit
722 872 817 920 Simon
833 870 867 918 ad
955 867 1005 926 43,
1028 863 1075 924 Ἐν
1088 867 1146 930 ταῖς
1161 864 1273 944 ἡμέραις
1287 862 1399 929 ἐκείναις
1413 862 1591 943 παρενέὸαλεν

263 968 361 1014 Gazam
387 971 410 1012 et
439 962 612 1012 circumdedit
637 975 695 1010 eam
723 961 819 1010 cestris
844 965 868 1008 ct
917 953 959 1013 ε’τιλ
981 955 1090 1032 Γάζαρα
1112 955 1158 1011 καὶ
1179 952 1329 1012 ἐκύκλωσαν
1351 951 1434 1022 αὐτὴν
1454 951 1594 1029 παρεμὸο-

263 1053 326 1116 feeit
349 1053 488 1101 machinas
509 1057 534 1100 et
555 1050 689 1114 applicuit
711 1049 745 1097 ad
769 1049 869 1098 eivita-
915 1045 974 1110 λαῖς
990 1042 1036 1101 καὶ
1055 1043 1179 1114 ἐποίησεν
1194 1042 1315 1102 ἑλέπολιν
1335 1040 1381 1098 καὶ
1393 1039 1546 1119 προσήγαγε
1560 1043 1598 1120 τῇ

264 1151 314 1192 tem
332 1150 356 1192 et
374 1141 506 1205 percussit
530 1148 631 1189 turrem
652 1153 735 1188 unom
755 1145 779 1186 et
799 1151 869 1186 com·
916 1131 992 1190 πόλει
1005 1131 1051 1190 καὶ
1061 1129 1175 1198 ἐπάταξε
1187 1128 1287 1209 πάργον
1301 1129 1347 1189 ἕνα
1359 1129 1405 1188 καί
1419 1128 1592 1190 κατελάὸεεο.

261 1231 403 1296 prehendit
432 1242 499 1277 eam.
522 1227 566 1278 44.
586 1227 619 1276 El
642 1232 792 1290 eruperant
822 1225 869 1287 <tui
917 1223 965 1282 44.
979 1219 1035 1280 Καὶ
1052 1219 1191 1290 ἐξήλλοντο
1210 1223 1234 1278 oi
1254 1220 1281 1277 ἔν
1301 1223 1333 1298 τῇ
1353 1219 1474 1277 ἑλεπόλει
1492 1221 1528 1285 είς
1545 1217 1593 1286 τὴν

262 1327 340 1369 erant
362 1321 436 1367 intra
456 1317 612 1366 machinam
631 1317 663 1364 in
682 1316 827 1372 civitatem,
845 1321 869 1362 el
916 1309 992 1367 πόλιν
1013 1308 1060 1367 καὶ
1080 1305 1183 1386 ἐγένετο
1201 1307 1302 1382 κίνημα
1320 1306 1389 1385 μέγα
1407 1308 1433 1365 ἔν
1450 1311 1483 1384 τῇ
1499 1307 1587 1367 πέλει.

262 1409 349 1472 sactus
374 1413 410 1455 est
436 1413 520 1454 motus
549 1417 662 1466 mnpnus
688 1405 720 1452 in
743 1403 866 1452 civitate.
916 1402 966 1459 45.
988 1395 1043 1458 Καί
1065 1396 1199 1468 ἀνέδησαν
1220 1399 1244 1454 ol
1266 1397 1293 1454 έν
1315 1399 1349 1474 τῇ
1370 1395 1448 1454 πόλει
1469 1393 1516 1454 σὺν
1538 1404 1595 1460 ταῖς

264 1498 306 1547 45.
324 1497 356 1545 Et
371 1494 547 1543 ascenderunt
560 1494 608 1556 qul
622 1499 701 1541 trani
716 1491 871 1540 incivitate
916 1485 1018 1566 γυναιῇ
1032 1483 1078 1545 χαλ
1093 1495 1146 1550 τοῖς
1162 1485 1263 1552 τέκνοις
1278 1483 1323 1543 ἔπλ
1342 1482 1373 1543 τὸ
1388 1488 1474 1563 τεῖχος
1493 1485 1596 1562 διερρη·

263 1599 321 1636 cum
351 1583 479 1633 uxoribus
506 1589 530 1631 et
560 1580 626 1646 filiis
653 1595 737 1646 supra
765 1593 874 1629 murum
917 1575 993 1655 χότες
1017 1575 1049 1633 τά
1077 1573 1172 1650 ἱμάτια
1200 1575 1288 1632 αὐτῶν
1309 1573 1357 1632 καὶ
1377 1572 1493 1643 ἐδάησαν
1521 1576 1595 1653 φωνῇ

263 1675 352 1724 scissis
369 1671 469 1723 tunicis
483 1671 540 1720 suis
559 1677 584 1719 ct
603 1669 788 1720 clamaverunt
810 1682 870 1719 voce
918 1664 1023 1743 μεγάλῃ
1034 1663 1164 1731 ἀξιοῦντες
1176 1662 1288 1740 Σίμωνα
1299 1661 1383 1730 δεξιάς
1394 1664 1483 1727 αὐτοῖς
1495 1661 1595 1726 δοῦναι·
1632 1697 1638 1709 .

264 1777 364 1825 mopna
392 1760 560 1826 postulantes
585 1774 602 1808 a
625 1760 732 1808 Simone
760 1759 870 1808 cestros
918 1755 968 1813 46.
983 1751 1031 1810 καί
1046 1741 1128 1810 εἶπον·
1142 1750 1179 1827 μὴ
1194 1755 1257 1828 ἡμῖν
1271 1749 1596 1830 χρήσῃχατὰτὰςπουη.

266 1852 319 1900 sibi
339 1851 416 1908 dari,·
436 1849 479 1899 46.
498 1855 523 1898 et
544 1849 671 1897 dicerunt
691 1862 706 1921 ,Ἰ
720 1860 775 1896 non
794 1846 872 1896 nobis
920 1843 977 1920 ρίας
997 1843 1083 1917 ἡμῶν,
1097 1839 1167 1898 άλλδι
1184 1837 1256 1898 κατά
1270 1839 1300 1897 τὸ
1315 1838 1385 1903 ἔλεός
1399 1861 1459 1897 σου.
1476 1842 1524 1899 47.
1542 1838 1596 1898 Καὶ

266 1939 362 1989 reddas
381 1936 524 1986 secundum
544 1937 666 1984 malitias
687 1942 806 1994 nostras,
828 1935 871 1982 sed
919 1930 1046 1999 συνελιίθη
1069 1930 1155 1996 αὐτοῖς
1180 1929 1272 2006 Σίμων
1295 1928 1341 1986 καὶ
1362 1930 1410 1986 οὐκ
1432 1926 1597 2003 ἐπολέμησεν

267 2027 409 2076 secundum
441 2025 642 2074 misericordias
672 2031 742 2072 tuas.
768 2023 811 2074 47.
837 2023 870 2071 Et
920 2015 1024 2088 αὐτοὺς,
1045 2018 1091 2076 καὶ
1113 2017 1237 2084 ἔξέὸαλυυ
1260 2015 1354 2083 αὐτοὺς
1377 2019 1406 2076 ἐκ
1427 2020 1475 2086 τῆς
1497 2017 1599 2082 πόλεως
1681 2051 1684 2056 ι

267 2117 347 2179 decus
371 2115 465 2164 Simon
484 2127 541 2162 non
563 2111 709 2162 debellauit
728 2125 780 2172 eos,
797 2112 872 2174 eiecit
920 2106 965 2164 καὶ
981 2105 1123 2186 ἔκαθάρισε
1137 2105 1185 2171 τὰς
1198 2105 1284 2172 οἰκίας
1305 2109 1330 2165 ἔν
1349 2095 1390 2170 αἶς
1406 2095 1438 2176 ἦν
1452 2105 1486 2162 τὰ
1501 2104 1598 2164 εἴδωλα

268 2213 357 2255 tamen
371 2217 414 2253 eos
428 2203 581 2252 decivitate
598 2209 622 2251 et
639 2201 782 2252 mundavit
797 2201 874 2251 aedes
920 2194 964 2254 καὶ
983 2193 1065 2262 οὕτως
1082 2196 1196 2264 εὶςῆλθεν
1210 2195 1246 2261 εἰς
1259 2193 1341 2266 αὐτὴν
1361 2195 1450 2268 ὑμνῶν
1465 2194 1511 2251 καὶ
1526 2193 1599 2252 εὐλο-

267 2296 299 2342 in
322 2293 418 2355 quibus
446 2291 556 2355 fuerant
584 2289 742 2350 simulacra,
764 2297 787 2338 et
812 2297 874 2339 tunc
920 2283 1107 2362 γῶν·48.καλ
1124 2282 1248 2350 ἔξέὸαλεν
1267 2282 1293 2350 ἔξ
1317 2283 1398 2353 αὐτῆς
1419 2290 1508 2339 πᾶσαν
1531 2284 1598 2339 ἀκα-

268 2383 385 2433 intrauit
402 2383 433 2430 in
452 2394 582 2446 eamcam
596 2381 704 2443 baronis
719 2380 875 2429 benedicens
921 2371 1032 2450 θαρσίαν
1055 2371 1101 2431 καί
1125 2369 1271 2452 κατῴκισεν
1299 2373 1355 2429 ἐκεῖ
1385 2369 1482 2450 ἄνδρας
1507 2367 1599 2436 οἵτινες

270 2473 426 2530 Dominum·
456 2469 499 2520 48.
522 2471 555 2518 Et
577 2471 659 2519 eiecta
686 2469 719 2517 ab
745 2481 777 2517 ea
803 2469 875 2517 omni
922 2461 966 2521 sir
983 2462 1064 2536 νόμον
1088 2464 1203 2532 ποιοῦσι,
1219 2459 1266 2519 καὶ
1285 2458 1493 2540 προςωχύρωσεν
1517 2459 1600 2529 αὐτὴν

272 2561 448 2611 immunditia
470 2558 611 2609 collocavit
632 2560 664 2608 in
681 2573 713 2608 ea
734 2561 807 2609 viros
829 2560 876 2621 qui
923 2551 968 2610 καὶ
980 2551 1151 2630 ᾠκοδόμησεν
1167 2551 1255 2630 ἑαυτῷ
1271 2552 1297 2608 ἐν
1313 2551 1379 2626 αὐτῇ
1393 2546 1506 2621 οίκησιν.

272 2649 354 2710 ἔερσαι
372 2647 493 2712 facerent
511 2651 536 2696 et
555 2648 671 2696 munivit
691 2661 750 2696 eom
770 2653 795 2696 et
814 2646 876 2709 [ecit

272 2738 325 2786 sibi
342 2737 545 2785 habitationem.

310 2824 353 2874 49.
376 2825 426 2882 Qui
446 2829 534 2872 autem
550 2829 628 2872 erant
648 2824 678 2871 in
696 2837 755 2873 arce
770 2825 878 2872 Ierusa·
965 2817 1014 2875 49.
1038 2815 1073 2872 0t
1095 2812 1122 2872 δὲ
1144 2814 1174 2871 ἔκ
1195 2816 1242 2883 τῆς
1265 2812 1348 2889 άκρας
1372 2815 1397 2870 ἔν
1421 2810 1601 2891 Ἰερουσαλὴμ

277 2914 336 2972 lem,
347 2910 563 2975 prohibebantur
577 2912 667 2974 epredi
678 2919 702 2959 et
712 2912 820 2974 inpredi
836 2925 879 2959 re·
926 2901 1073 2961 ἐκωλύοντο
1090 2901 1278 2980 ἐκπορεύεσθαι
1295 2899 1341 2958 καί
1359 2901 1553 2978 είςπυρεάεσθαι
1567 2903 1603 2966 εἰς

275 3002 380 3065 pionem
401 3005 425 3047 et
447 3011 529 3047 emere
551 3010 581 3047 ac
601 2999 724 3059 vendere,
739 3006 763 3047 el
778 3001 880 3048 esurie·
926 2990 973 3060 τὴν
998 2987 1089 3068 χώραν
1117 2989 1163 3048 καλ
1191 2989 1329 3068 ἀγοράζειν
1358 2988 1404 3047 κοιλ
1433 2989 1531 3048 πωλεῖν
1554 2988 1602 3046 καὶ

276 3095 340 3138 runt
358 3087 437 3138 acide
461 3093 486 3136 et
504 3085 584 3136 multi
599 3100 629 3134 ec
646 3087 684 3135 eis
706 3086 776 3151 [arne
790 3089 881 3152 perie-
927 3077 1069 3136 ἐπείνασαν
1096 3077 1197 3158 σφόδρα
1226 3077 1273 3136 καί
1301 3077 1439 3137 ἀπώλοντο
1466 3077 1493 3146 ἐξ
1516 3079 1603 3136 αὐτῶν

277 3185 351 3237 runt,
370 3175 413 3226 50.
430 3182 454 3224 et
476 3173 660 3225 clamaverunt
686 3176 721 3225 ad
747 3177 881 3226 Simonem
927 3165 1268 3246 ἱκανοὶτῇλιμῷ,50.κυλ
1282 3166 1397 3237 έέάησαν
1412 3165 1476 3245 πρὸς
1493 3165 1604 3241 Σίμωνα

278 3273 306 3316 nt
330 3266 437 3315 dextras
460 3265 619 3329 acciperent,
636 3271 661 3314 et
679 3265 753 3314 dedit
776 3264 834 3315 illis
858 3273 882 3314 et
923 3250 1013 3324 ’δεξιάς
1025 3254 1128 3328 λαὸεἳν,
1140 3255 1186 3314 καὶ
1201 3253 1298 3314 ἔδωκεν
1314 3256 1404 3323 αὐτοῖς
1419 3254 1465 3312 καί
1480 3253 1603 3319 ἐξέάαλεν

279 3355 355 3405 eiecit
370 3368 412 3403 eos
426 3355 489 3402 inde
500 3359 525 3401 et
534 3354 676 3404 mundavit
691 3368 777 3404 arcem
792 3369 809 3404 a
824 3369 883 3404 con·
930 3341 1021 3408 alceir<
1035 3345 1131 3403 ἐκεῖθεν
1151 3344 1196 3402 καὶ
1216 3343 1357 3422 ἐκαθάρευε
1376 3343 1424 3415 τὴν
1447 3344 1530 3421 άκραν
1550 3345 1604 3400 άπὸ

280 3442 515 3492 taminationibus.
538 3443 580 3492 51.
603 3442 636 3490 Et
657 3443 829 3494 intraverunt
853 3445 885 3492 in
930 3437 983 3492 τῶν
999 3433 1170 3511 μιασμάτων.
1189 3434 1239 3493 54.
1262 3431 1317 3491 Καί
1335 3433 1451 3503 είςῆλθον
1469 3434 1504 3498 είς
1522 3428 1604 3501 αὐτὴν

280 3545 338 3580 eam
348 3531 429 3580 tertia
440 3536 464 3579 et
474 3531 655 3593 eipesimadie
665 3533 776 3582 secundi
786 3534 884 3582 mensis
930 3527 962 3601 τῇ
982 3522 1057 3602 τρίτῃ
1071 3522 1117 3582 καὶ
1131 3520 1216 3580 εἰκάδι
1231 3525 1276 3578 τοῦ
1293 3521 1413 3601 δευτέρου
1433 3522 1514 3597 μηνὸς
1533 3521 1606 3587 ἔτους

282 3635 354 3670 anno
367 3621 507 3669 centesimo
519 3621 714 3683 septuaoesimo
723 3622 811 3686 primo
826 3635 884 3671 cum
931 3611 986 3677 ἔνὸς
1008 3610 1054 3670 καί
1077 3609 1276 3688 έάδυμηκσστοῦ
1300 3609 1348 3668 καὶ
1368 3613 1513 3668 ἑκατοστοδ
1536 3615 1605 3685 μετὰ

283 3710 361 3760 laude
378 3715 402 3758 et
421 3707 678 3773 ramispalmarum
696 3717 720 3759 et
738 3711 842 3773 cinaris
860 3719 884 3760 et
932 3701 1054 3765 αἰνέσεως
1075 3699 1121 3758 καί
1146 3693 1241 3777 βαΐων,
1258 3697 1304 3758 καλ
1325 3700 1352 3757 ἔν
1375 3698 1491 3779 κινύραις
1512 3697 1557 3757 καὶ
1579 3701 1605 3756 ἐν

282 3798 412 3862 cymbalis
431 3805 456 3847 et
474 3797 565 3848 nablis
580 3804 605 3846 et
619 3799 727 3862 hymnis
748 3805 772 3847 et
794 3801 884 3849 canti·
931 3786 1078 3866 κυμὸάλοις
1096 3787 1143 3846 καὶ
1162 3790 1188 3846 ἔν
1208 3785 1318 3853 νάὸλαις
1340 3787 1385 3846 καὶ
1405 3789 1431 3844 ἔν
1451 3785 1542 3862 ὕμνοις
1561 3790 1607 3845 καὶ

284 3890 330 3948 cis,
346 3888 557 3950 quiacontritus
572 3893 610 3937 est
629 3888 756 3938 inimicus
772 3901 886 3951 mapnus
932 3879 958 3934 ἔν
989 3877 1078 3957 ᾠδαῖς,
1105 3874 1146 3934 δτι
1172 3873 1313 3955 συνετρίὸη
1342 3875 1433 3955 ἐχθρὸς
1464 3875 1548 3953 μέγας
1579 3875 1607 3942 ἐξ

284 3991 314 4025 ea
330 3975 426 4025 lsrael.
444 3976 487 4024 52.
503 3975 537 4024 Et
557 3977 694 4025 constituit
713 3983 743 4025 ut
761 3978 885 4027 omnibus
934 3965 1055 4044 Ἰσραήλ.
1074 3967 1123 4026 52.
1144 3964 1198 4024 Καὶ
1221 3963 1316 4035 ἔστησε
1337 3967 1397 4023 κατ’
1422 3964 1540 4022 ἐνιαυτὸν
1561 3968 1607 4021 ταῦ

283 4064 363 4111 annis
386 4069 530 4124 operentur
553 4063 608 4112 dies
631 4064 660 4113 λε’
682 4079 740 4113 cum
768 4065 884 4117 laetitia.
933 4053 1005 4133 άγειν
1020 4053 1067 4126 τὴν
1083 4051 1186 4133 ἡμέραν
1203 4052 1303 4124 ταύτην
1320 4055 1378 4131 μετ’
1394 4051 1565 4133 εὐρροσάνης.

283 4150 325 4200 53.
343 4151 376 4199 Et
390 4151 506 4200 munivit
527 4157 640 4200 montem
655 4152 747 4216 templi
764 4156 811 4215 qni
828 4163 885 4204 eret
972 4145 1022 4204 53.
1048 4141 1100 4202 Καὶ
1114 4143 1308 4221 προςωχῦρωοε
1321 4143 1351 4200 τὸ
1366 4141 1423 4221 δρας
1437 4146 1482 4200 τοῦ
1496 4143 1565 4220 ἱεροῦ
1578 4141 1609 4199 τὸ

283 4253 356 4290 secus
372 4252 459 4289 arcem
473 4245 497 4289 et
519 4239 653 4290 babitacit
668 4240 706 4288 ibi
723 4240 780 4305 ipse
800 4250 823 4291 el
836 4245 885 4305 qui
932 4232 1006 4312 παρὰ
1027 4231 1075 4302 τὴν
1095 4230 1178 4310 άκραν
1197 4231 1242 4288 καί
1261 4229 1325 4289 ὤκει
1346 4230 1402 4288 ἐκεῖ
1424 4229 1502 4295 αὐτὸς
1520 4227 1566 4287 καὶ
1583 4231 1608 4287 oi

284 4344 343 4380 cum
357 4343 386 4378 eo
400 4335 488 4379 erant.
506 4328 551 4379 54.
566 4329 599 4378 Et
614 4329 683 4379 uidit
695 4330 788 4378 Simon
801 4331 885 4401 Ιυονι-Ι
931 4321 996 4399 παρ’
1012 4323 1099 4384 αὐτοῦ.
1113 4322 1164 4379 54.
1180 4319 1236 4378 Καὶ
1251 4320 1303 4377 ειδε
1319 4320 1411 4396 Σίμων
1424 4319 1468 4378 τδν
1481 4316 1607 4388 Ἰωάννην

282 4433 342 4468 nem
356 4419 543 4483 filiumsunm
558 4418 884 4484 quodsortisproeliicir
930 4408 986 4468 υίὸν
1013 4412 1091 4466 αὐτοῦ
1117 4409 1156 4466 δτι
1182 4406 1249 4487 ἀνήρ
1273 4410 1338 4477 ἔστι,
1359 4405 1405 4465 καὶ
1429 4406 1501 4465 ἔθετο
1530 4404 1608 4464 αὐτὸν

280 4514 354 4566 esset,
381 4514 405 4556 et
431 4509 523 4572 posuit
546 4521 606 4556 euru
633 4508 724 4558 ducem
751 4510 883 4576 virtutum
930 4500 1075 4575 ἡγούμενον
1096 4500 1146 4554 τῶν
1168 4497 1304 4572 δυνάμεων
1320 4499 1414 4555 πασῶν
1434 4495 1480 4553 καὶ
1498 4492 1562 4576 ᾤκει
1577 4487 1607 4552 ’ἔν

279 4599 467 4647 universarum
482 4604 505 4646 et
525 4597 660 4647 habitavit
675 4598 707 4647 in
721 4600 845 4651 Gataris.
931 4585 1071 4666 Γαζάροις.

319 4752 601 4820 concessionibus
628 4753 696 4821 illis
726 4760 760 4821 ei
787 4753 994 4824 remissione
1020 4753 1118 4821 iactis
1142 4752 1258 4820 ablata
1288 4759 1360 4820 erni
1388 4749 1561 4843 oppressio
1587 4773 1609 4816 o
