3625 5367
251 364 309 422 ⁶281
763 367 792 423 ⁶2.
817 379 910 424 uicit.
934 366 963 433 t,
985 363 1068 421 illo.

249 512 371 602 templi
394 511 650 581 celebrandum.
673 519 720 581 Ea
741 512 833 580 enim
857 513 1036 580 occasione
1056 511 1175 601 paucis
1198 511 1234 577 in
1258 510 1463 578 memoriam
1485 531 1583 577 revo-

249 617 319 684 cari
344 619 513 706 originem
544 620 624 688 festi
651 620 756 710 plane
781 620 912 699 decuit;
939 618 1113 708 quomodo
1142 619 1236 684 enim
1264 617 1328 684 rite
1356 621 1582 707 perageretur

247 724 434 792 celebratio
451 727 542 810 festi,
560 727 589 794 si
605 727 679 795 eius
692 720 792 794 causa
811 733 845 793 et
859 726 956 812 origo
976 726 1186 792 nesciretur?
1200 723 1276 790 Alia
1290 745 1427 813 quoque
1442 723 1582 790 affertur

246 831 345 898 ratio.
361 831 456 900 Circa
470 833 560 901 illud
576 838 709 924 tempus
724 834 801 920 (150
812 837 891 900 ante
904 833 980 917 ch.)
993 832 1160 921 templum
1173 830 1210 897 in
1224 835 1393 919 Aegypto,
1410 823 1581 919 templum

245 936 558 1026 leontopolitauum
572 947 646 1006 erat
657 939 873 1007 aedificatum
888 940 944 1026 (cl.
959 939 1121 1027 Iosephus
1132 943 1208 1004 Ant.
1223 936 1579 1024 12,s‚7e113,3‚1-3);

246 1043 336 1110 unde
352 1066 456 1133 quam
473 1047 618 1113 maxime
633 1046 827 1114 consultum
843 1053 928 1126 erat,
946 1068 990 1112 ne
1004 1044 1158 1112 studium
1172 1044 1410 1129 languesceret
1428 1042 1580 1109 adeundi

245 1149 412 1238 templum
442 1151 807 1241 hierosolymitanum,
832 1152 895 1218 illa
924 1151 961 1217 in
990 1152 1190 1219 memoriam
1221 1149 1385 1216 reducere
1413 1149 1469 1235 (cf.
1496 1153 1578 1217 ller-

245 1255 385 1344 kenne).
1508 1253 1514 1262 ’

290 1365 377 1429 Haec
396 1364 517 1431 eadem
537 1369 640 1433 ctiam
657 1365 790 1433 ludaeis
806 1365 1016 1456 aegyptiacis
1030 1386 1124 1432 nunc
1147 1364 1266 1431 dicunt
1283 1368 1316 1429 et
1331 1361 1488 1429 scribunt
1505 1385 1539 1429 ν.
1557 1371 1577 1430 9

245 1471 283 1533 ut
302 1490 359 1538 eos
382 1469 425 1535 'ad
454 1470 545 1537 idem
570 1475 693 1539 festum
716 1472 961 1540 celebrandum
985 1473 1149 1553 inviten13
1174 1477 1222 1538 καὶ
1244 1488 1294 1538 νον
1318 1474 1408 1538 ἵνα...
1429 1474 1463 1534 et
1486 1490 1579 1536 nunc

244 1575 443 1662 scripsimus
462 1578 566 1658 nobie,
584 1585 621 1645 ut
641 1580 752 1665 agatis
771 1579 844 1648 dies
864 1580 1088 1669 scenopegiae
1106 1578 1131 1644 i.
1154 1599 1185 1644 e.
1206 1579 1332 1642 festum
1349 1574 1577 1642 dedicationis

243 1681 363 1770 templi
380 1683 473 1772 qnod
493 1707 556 1774 per
576 1685 649 1752 dies
671 1694 747 1753 octo
767 1686 803 1753 in
825 1687 967 1754 modum
986 1684 1063 1751 sesti
1085 1685 1314 1772 scenopegiae
1333 1705 1393 1749 seu
1414 1681 1576 1748 taberna-

243 1785 398 1853 culorum
418 1789 662 1858 celebrabatur
681 1795 799 1880 (tou),
820 1793 913 1860 unde
931 1798 1075 1858 vocatur
1090 1789 1297 1879 scenopegia
1317 1787 1443 1855 mensis
1458 1789 1576 1855 Caslen

244 1892 274 1978 (1
301 1895 411 1958 llacb.
439 1899 531 1984 ἱι,59)
558 1903 591 1963 et
620 1898 846 1984 distinguitur
872 1921 892 1964 a
922 1898 1129 1986 scenopegia
1157 1898 1281 1962 mensis
1305 1895 1402 1962 Tisri.
1428 1899 1467 1961 ut
1491 1895 1576 1962 haec

241 1997 401 2065 invitatio
414 2001 503 2067 sacta
519 2009 568 2068 est
582 2011 623 2070 10
644 2028 664 2068 a
683 2027 774 2070 anno
790 2011 853 2071 188
870 2005 931 2070 sel.
948 2006 971 2069 i.
990 2027 1021 2070 e.
1042 2008 1104 2070 1Ἇὶ
1120 2009 1199 2069 aute
1218 2003 1278 2068 Ch.
1301 2001 1576 2088 Designationem

240 2105 402 2193 temporis
415 2110 571 2195 spectare
591 2109 634 2175 ad
656 2109 744 2175 hanc
759 2110 938 2199 epistolam
960 2108 1063 2175 hodie
1085 2109 1313 2175 communiter
1330 2108 1527 2194 agnoscitur
1541 2114 1575 2174 et

239 2209 461 2278 confirmatur
476 2235 515 2280 ex
530 2236 570 2280 eo
590 2216 684 2304 quod
705 2217 740 2282 in
760 2216 911 2304 epistolis
925 2216 1003 2283 aliis
1019 2215 1215 2303 designatio
1231 2215 1395 2305 temporis
1414 2221 1576 2282 constan-

240 2323 292 2382 ter
306 2319 341 2383 in
357 2318 425 2386 fine
438 2319 603 2409 epistolae
619 2322 764 2409 legitur3
783 2323 826 2389 cf.
844 2330 957 2404 11,21.
975 2329 1031 2390 33.
1049 2329 1103 2390 38.

671 2577 698 2634 2.
720 2574 823 2634 Altero
838 2573 971 2652 Εμιὲνϊοία
987 2577 1147 2649 luo-nrt.
1207 2593 1213 2602 ’

587 2758 615 2818 a)
632 2761 744 2820 Aguntur
756 2761 850 2820 pretias
864 2761 891 2807 ‹lc
910 2759 984 2807 salute
997 2775 1104 2807 οοαοεεια
1121 2759 1225 2817 1,ἱθ-17.

277 2905 347 2964 1,10.
365 2907 483 2971 Populus
506 2911 553 2970 qui
575 2918 611 2960 est
633 2913 802 2975 ierosolymis
822 2921 845 2962 ct
935 2903 1017 2970 MO-
1040 2901 1076 2981 0}
1100 2902 1126 2960 lt
1150 2899 1344 2980 ‘lepicolipon
1368 2899 1413 2958 καὶ
1437 2903 1461 2959 οἷ
1485 2903 1512 2958 ἕν
1536 2905 1570 2982 τῇ

238 2995 268 3042 in
289 2996 390 3044 Iudaeo
418 3005 577 3060 senatusque
604 3005 628 3048 ct
658 3001 739 3049 ludas
768 3004 845 3050 Aris·
893 2987 1007 3069 Ἰουδαίᾳ
1025 2990 1071 3047 καὶ
1090 2995 1107 3059 ἡ
1127 2989 1252 3068 γερουσία
1270 2990 1316 3047 καὶ
1335 2988 1571 3067 ’ἱούδαςἈριστο-

237 3082 323 3131 tohoio
338 3086 470 3146 magistro
485 3085 630 3136 Ptolemaei
650 3089 720 3150 repis
740 3091 787 3150 qui
808 3099 844 3138 est
892 3076 981 3155 δούλῳ
998 3078 1151 3158 διδασκάλῳ
1169 3079 1339 3154 Πτολεμαίου
1358 3084 1403 3136 τοῦ
1426 3080 1567 3156 βασιλέως,

237 3171 378 3234 degenere
397 3174 559 3224 christorum
575 3176 740 3226 sacerdotum
759 3185 781 3227 et
803 3169 845 3227 his
890 3163 945 3224 ὄντι
964 3168 992 3224 δὲ
1012 3165 1066 3224 ἀπὸ
1086 3171 1132 3225 τοῦ
1152 3170 1205 3224 τῶν
1224 3169 1341 3246 χριστῶν
1360 3167 1451 3244 ἱερέων
1468 3167 1568 3246 γένους,

237 3261 283 3321 qui
303 3262 464 3326 inicpypto
485 3270 547 3312 sunt
562 3266 669 3314 ludaeis
688 3266 802 3316 salutem
821 3274 844 3316 et
890 3253 936 3313 καί
960 3263 1014 3323 τοῖς
1037 3255 1210 3334 indipiscet
1235 3255 1374 3323 Ἰουδαίοις
1395 3257 1498 3336 χαίρειν
1522 3258 1568 3315 καί

236 3350 390 3400 sanitatem.
421 3353 463 3402 ll.
486 3353 520 3401 De
545 3354 650 3416 moenis
672 3355 803 3421 periculis
828 3371 844 3404 e
891 3344 1026 3420 ὑγιαίνειν.

237 3442 289 3485 Deo
312 3436 421 3485 liberati
445 3441 584 3503 rnepnifice
610 3444 715 3504 gru-tias
740 3445 844 3507 opiinus
934 3438 979 3492 11.
1003 3433 1053 3494 ’Etr
1074 3435 1198 3510 μεγάλων
1215 3433 1340 3492 κινδύνοιν
1361 3433 1413 3492 ὑπὸ
1431 3441 1477 3494 τοῦ
1495 3437 1566 3498 Θεοῦ

237 3524 301 3587 ipsi,
326 3531 414 3587 utpote
437 3528 483 3587 ιμιί
508 3529 634 3578 aduersus
657 3530 737 3580 telem
757 3547 844 3596 regem
890 3521 1053 3596 σεσωσμένοι
1070 3523 1191 3599 μεγάλως
1211 3525 1420 3602 εὐχαριστοῦμεν
1439 3527 1512 3602 αὐτῷ
1532 3528 1567 3590 ὣς

235 3612 431 3662 dimicavimus.
451 3615 490 3665 tt.
503 3616 562 3680 Ipse
572 3619 643 3667 cuim
654 3619 767 3670 ebul-lire
780 3622 842 3687 serit
889 3609 922 3667 διν
936 3610 1001 3688 πρὸς
1015 3612 1129 3685 βασιλέα
1148 3612 1394 3690 παρατασσόμαασῑ·
1413 3616 1461 3672 12-
1479 3613 1566 3679 Αὐτὸς

235 3702 265 3750 de
285 3701 393 3752 Perside
413 3717 456 3752 eos
475 3707 522 3766 qui
540 3715 730 3770 pugnauerunt
750 3719 843 3761 contra
888 3697 940 3777 γὰρ
970 3698 1094 3778 ἔξέὅρασε
1122 3698 1182 3764 τοὺς
1209 3700 1446 3779 παραταξαμένους
1476 3703 1503 3759 ἐν
1531 3706 1564 3781 τῇ

234 3804 283 3839 uos
314 3799 337 3840 ct
366 3800 486 3842 sanctem
521 3796 666 3846 ciuitatem.
704 3799 745 3849 13.
775 3801 842 3851 Nom
888 3786 1403 3868 &simiel-13·Eitttivfltpffl'dt
1427 3791 1566 3868 γενόμενος

235 3893 294 3928 cum
315 3881 346 3930 in
368 3883 475 3932 Perside
498 3891 563 3932 esset
585 3886 638 3934 duc
661 3887 717 3950 ipse
738 3895 762 3936 et
784 3903 842 3938 curn
887 3879 938 3955 γὰρ
952 3880 965 3932 ὁ
980 3875 1086 3954 ἡγεμὼν
1106 3879 1151 3935 καί
1172 3882 1190 3948 ἡ
1207 3880 1268 3956 περὶ
1288 3879 1365 3937 αὐτὸν
1385 3880 1566 3946 ἀνυπόστατος

235 3969 294 4031 ipso
331 3971 474 4020 iruniensns
511 3976 655 4034 exercitus,
688 3977 780 4026 cecidit
812 3981 841 4027 in
887 3965 1000 4022 δακοῦσα
1027 3956 1093 4025 εἶναι
1119 3967 1240 4041 δύναμις,
1261 3969 1447 4039 κατεκόπησαν
1474 3970 1501 4025 ἐν
1526 3971 1564 4048 τῷ

235 4055 332 4118 temple
348 4059 462 4118 Neneae,
485 4061 597 4109 cornilio
616 4063 737 4126 deceptus
756 4080 840 4115 secer·
886 4057 933 4123 τῆς
948 4055 1067 4121 Ναιναίας
1083 4057 1159 4135 ἱερῷ,
1172 4057 1367 4138 παραλογισμῷ
1385 4055 1564 4135 χρησαμένων

233 4143 323 4191 dotum
341 4145 457 4194 Noneee.
479 4147 519 4196 11.
541 4149 646 4198 Etenim
662 4165 720 4200 cum
739 4166 770 4201 ee
789 4154 840 4203 lie·
885 4145 937 4198 τῶν
957 4142 1018 4217 περὶ
1038 4143 1086 4214 τὴν
1109 4145 1230 4204 Ναναίαν
1253 4146 1354 4224 ἱερέων.
1376 4149 1422 4206 ll.
1443 4145 1493 4206 Ὧι
1511 4147 1563 4224 γὰρ

234 4230 367 4282 biteturns
394 4235 463 4285 uenit
487 4237 522 4286 ed
547 4237 632 4288 locum
648 4241 794 4290 Antiochus
816 4251 838 4291 et
885 4232 1049 4301 συνοικήσειν
1068 4235 1136 4311 αὐτῇ
1156 4239 1315 4312 παρεγένετο
1333 4238 1369 4301 εἰς
1386 4236 1431 4294 τὸν
1450 4235 1530 4295 τόπον
1549 4235 1565 4294 ὅ

231 4321 312 4370 omiti
342 4324 412 4382 eius,
444 4331 468 4372 et
498 4333 525 4374 ut
552 4328 681 4391 occiperet
710 4332 839 4393 pecunius
885 4343 913 4375 τε
927 4319 1058 4400 Ἀντίοχος
1076 4321 1122 4380 καί
1136 4325 1160 4381 οἱ
1175 4322 1221 4380 σὺν
1238 4325 1310 4402 αὐτῷ
1329 4325 1399 4398 φίλοι
1417 4324 1496 4405 χάριν
1515 4328 1561 4382 τοῦ

230 4409 328 4460 multos
349 4413 418 4462 dotis
438 4415 544 4464 tremine
551 4429 560 4474 ;
583 4417 624 4466 15.
646 4431 754 4481 cumque
773 4435 838 4484 pro·
884 4407 975 4467 λαὸεῖν
989 4409 1027 4467 τδί
1035 4410 1163 4489 χρήματα
1178 4412 1287 4470 πλείονα
1304 4415 1340 4478 εἱς
1356 4419 1452 4492 φερνῆς
1470 4413 1559 4491 λόγον·

227 4501 378 4562 posuissent
391 4517 436 4550 cos
450 4505 596 4555 secerdotes
612 4508 727 4568 Neurus,
742 4516 766 4558 et
781 4511 836 4574 ipsc
886 4501 933 4557 15.
962 4499 1006 4556 καί
1036 4499 1183 4576 προθέντων
1214 4501 1282 4559 αὐτὰ
1312 4505 1364 4559 τῶν
1392 4502 1483 4580 ἱερέων
1513 4507 1559 4560 τοῦ

228 4600 286 4636 cum
303 4592 398 4652 paucis
416 4593 552 4654 inpressas
570 4601 635 4644 esset
655 4598 731 4647 intre
749 4599 837 4647 emhi-
883 4585 1013 4659 Ναναιίου,
1035 4587 1158 4646 κάκείνου
1179 4591 1363 4666 προςελθόντος
1385 4590 1443 4667 μετ’
1464 4591 1559 4668 ὀλίγων

229 4681 283 4725 tum
298 4679 368 4740 soni,
386 4679 541 4732 clauserunt
560 4685 701 4747 templum;
722 4685 762 4736 16.
778 4701 836 4736 cum
882 4677 918 4740 εἷς
937 4676 981 4732 τὸν
1000 4675 1139 4755 περίὸολον
1154 4683 1199 4736 τοῦ
1214 4678 1347 4754 τεμένους,
1359 4680 1560 4757 συγκλείσαντες

228 4764 354 4814 intrasset
377 4769 535 4830 Antiochus,
565 4779 710 4836 opertoque
734 4775 834 4824 occulto
881 4765 911 4821 τὸ
926 4763 1007 4841 ἱερὸν,
1021 4769 1056 4832 ὡς
1069 4767 1184 4837 εἷςῆλθεν
1197 4766 1337 4848 Ἀντίοχος,
1350 4772 1398 4828 16.
1413 4769 1560 4838 ἀνοίξαντες
