3625 5367
752 338 780 394 1.
797 345 896 395 κλοπ.
920 337 984 408 6,1.
1306 301 1309 310 ¹
1480 338 1538 398 123

206 497 380 560 tificationern
398 497 467 545 sient
485 497 563 561 prius
582 497 812 547 circumdederunt
859 486 974 565 τείχεσιν
996 487 1105 567 ὑψηλοῖς
1128 485 1175 544 καὶ
1198 485 1246 557 τὴν
1271 487 1438 566 Βαιθσούραν
1461 487 1538 546 πόλιν

205 584 426 660 επυτίειευοείείε,
441 586 486 634 sed
501 592 526 634 et
540 586 699 636 Bethsurasn
715 587 810 636 civita·
859 576 951 637 αὐτοῦ.

207 681 256 723 tom
269 688 357 723 suom.

243 763 267 811 8.
284 763 318 811 iit
333 761 434 826 sactum
453 769 500 824 est,
517 769 547 812 ut
566 764 672 814 audivit
692 778 738 814 reu
758 777 812 814 ser·
898 755 928 812 8.
959 751 1013 812 Καὶ
1042 753 1146 831 ἐγένετο
1171 756 1206 821 ὡς
1232 752 1346 824 ἤκουσεν
1373 757 1387 812 θ
1417 753 1540 832 βασιλεὺς

205 865 294 900 moues
322 853 399 915 istos,
422 851 530 915 ecpaoit
559 858 582 901 et
610 859 751 901 commotus
775 859 812 901 est
856 841 917 907 τοὺς
934 841 1028 918 λόγους
1048 841 1166 918 τούτους,
1181 841 1320 918 ἐθαμύήθη
1341 843 1387 902 καί
1409 841 1551 916 ἐσαλεύθη·

204 940 282 989 oaide
302 946 327 988 et
347 940 445 989 decidit
466 941 497 988 in
517 940 611 990 iectum
625 948 649 990 et
664 942 760 990 incidit
781 943 812 990 in
857 930 973 1009 σρύδρα,
989 930 1035 989 καί
1049 929 1143 990 ἔπεσεν
1163 930 1207 989 ἐπί
1224 929 1272 1003 τὴν
1291 931 1395 1006 κοίτην,
1411 931 1456 991 καί
1478 931 1538 990 ἐνί-

205 1029 362 1092 ianpuorem
375 1016 442 1094 prae.
459 1030 584 1089 tristitia,
602 1031 668 1092 quia
682 1043 738 1080 non
752 1028 811 1093 sae·
856 1042 936 1078 πεσεν
957 1020 994 1086 εἰς
1016 1019 1166 1098 ἀρρωστίαν
1182 1018 1234 1078 ἐπὸ
1253 1023 1301 1090 τῆς
1319 1021 1417 1092 λύπης,
1432 1021 1472 1078 ὅτι
1491 1023 1538 1081 οὐκ

204 1126 259 1168 tucn
282 1125 320 1167 est
340 1119 375 1177 ei,
392 1120 460 1167 sicut
484 1119 630 1181 copitobat.
649 1120 676 1169 9.
695 1120 728 1168 Et
752 1126 811 1169 erat
857 1106 959 1186 ἐγένετο
982 1111 1054 1188 αὐτῷ
1077 1105 1164 1174 καθὼς
1188 1111 1349 1186 ἐνεθυμεῖτο.
1371 1111 1400 1168 9.
1426 1108 1479 1168 itui
1505 1100 1538 1180 ἦν

203 1205 267 1256 ttttc
287 1221 337 1270 per
351 1205 408 1255 dies
422 1206 529 1265 multas,
547 1209 614 1270 quia
627 1215 759 1257 renouato
773 1215 810 1256 est
856 1197 911 1254 ἐκεῖ
926 1195 1028 1276 ἡμέρας
1048 1195 1170 1267 πλείους,
1187 1193 1226 1255 ὅτε
1246 1195 1405 1268 σἰνεκανίσθη
1426 1197 1466 1256 ἐπ’
1486 1200 1536 1255 αὐ-

202 1297 235 1344 εἰε
255 1309 285 1344 eo
306 1296 421 1345 tristitia
441 1309 541 1358 mopna
560 1302 584 1345 et
605 1297 754 1346 arbitratus
773 1303 809 1345 est
856 1284 901 1342 τθν
916 1284 987 1354 λύπη
1008 1285 1112 1362 μεγαλη
1132 1285 1178 1344 καί
1198 1285 1337 1363 ἐλογίσατο
1356 1285 1396 1343 ὅτι
1418 1285 1537 1358 ἀποθνή-

202 1397 228 1433 εε
251 1385 332 1434 mori.
355 1384 397 1435 10.
419 1385 452 1434 Et
476 1385 581 1434 oacooit
603 1399 691 1434 ornnes
713 1385 811 1435 amicos
857 1397 926 1435 σκει.
954 1375 1002 1434 10.
1027 1375 1083 1435 Καί
1108 1374 1219 1433 ἐκάλεσε
1242 1376 1344 1441 πάντας
1368 1374 1428 1440 τοὺς
1450 1374 1538 1455 φίλους

202 1487 265 1522 suos
288 1478 313 1522 et
331 1473 400 1523 dicit
420 1472 480 1522 iilis
501 1487 508 1522 :
529 1476 635 1523 recessit
650 1489 758 1524 somnus
777 1475 811 1523 ab
857 1466 939 1522 αὐτοῦ
964 1463 1009 1522 κοιλ
1038 1449 1096 1521 εἷπε
1127 1461 1192 1542 πρὸς
1220 1462 1321 1528 αὐτούς·
1353 1463 1497 1541 ἀφίσταται
1524 1468 1538 1523 θ

203 1561 289 1612 ocuiis
308 1564 374 1611 meis
396 1568 420 1611 et
442 1562 546 1611 concidi
573 1570 597 1612 et
623 1565 713 1613 corrui
735 1564 811 1613 corde
856 1550 936 1618 ὕπνος
961 1553 1014 1612 ἀπὸ
1036 1555 1089 1610 τῶν
1114 1553 1258 1633 ὀφθαλμῶν
1285 1576 1335 1628 μου
1360 1552 1406 1610 καί
1431 1553 1536 1627 συμπέ-

204 1664 273 1714 prae
292 1650 492 1710 scilicitudine,·
511 1650 552 1702 ii.
570 1659 594 1700 et
609 1653 667 1701 dici
686 1653 717 1701 in
734 1653 811 1701 corde
856 1663 953 1700 πτωκα
971 1640 1117 1720 τῇκαρδίεγ
1137 1640 1191 1700 ἀπὸ
1209 1645 1256 1712 τῆς
1271 1639 1411 1720 μερίμνης·
1423 1642 1478 1712 11.
1491 1641 1536 1699 καὶ

205 1754 260 1788 uteo
279 1753 288 1788 .·
309 1741 341 1789 εἰν
356 1746 485 1802 quantam
501 1739 703 1790 tribulationem
718 1741 811 1790 deoeui
857 1718 920 1788 eina
943 1734 977 1808 τῇ
1000 1728 1097 1809 καρδία
1121 1751 1184 1805 μου·
1203 1727 1252 1795 ἐως
1270 1728 1339 1795 τίνος
1357 1727 1470 1809 θλίψεως
1489 1721 1536 1801 ih·

204 1836 227 1878 et
241 1830 274 1876 in
288 1843 353 1891 quos
367 1828 461 1890 tinctus
477 1830 606 1878 tristitiae
623 1831 655 1879 in
669 1845 722 1892 qua
741 1843 811 1879 nunc
857 1823 900 1876 θον
925 1817 971 1876 καλ
993 1817 1123 1884 κλύδωνος
1147 1817 1264 1894 μεγάλου
1291 1821 1317 1876 ἐν
1346 1807 1368 1898 ᾧ
1395 1823 1442 1875 νῦν
1464 1818 1535 1894 εἰμι;

203 1931 261 1967 sum
282 1918 330 1979 qui
350 1918 483 1967 iucundus
507 1931 580 1967 eram
602 1925 627 1967 et
648 1917 761 1968 dilectus
781 1919 812 1967 in
857 1907 896 1965 ὅτι
924 1905 1039 1987 χρηστὸς
1061 1905 1107 1966 καὶ
1141 1905 1318 1984 ἀγαπώμενος
1340 1904 1414 1982 ἤμην
1448 1909 1474 1965 ἐν
1504 1909 1539 1983 τῇ

202 2011 335 2078 potestate
354 2018 423 2055 mea.
445 2005 486 2056 tt.
503 2012 580 2056 Nunc
601 2021 663 2056 oero
685 2007 811 2056 reminis·
857 1994 962 2069 ἐξουσίᾳ
986 2017 1049 2070 μου.
1072 1997 1120 2057 12.
1147 1997 1203 2054 iius
1222 1993 1250 2052 δὲ
1275 1996 1462 2073 μιμνήσκσμαι
1485 1997 1537 2054 τῶν

204 2109 250 2144 eor
275 2094 410 2144 maiorum
436 2107 504 2157 quae
527 2094 579 2159 feci
603 2095 810 2157 intonantem,
857 2089 947 2144 κακῶν
960 2073 996 2142 ὧν
1016 2082 1129 2155 ἐποίησα
1151 2085 1178 2142 ἐν
1197 2082 1376 2162 Ἰερουσαλὴμ
1408 2084 1454 2142 καὶ
1475 2082 1538 2143 ἐλα-

203 2183 275 2233 unde
294 2189 319 2232 et
340 2183 443 2233 obstuli
457 2185 549 2233 omnia
570 2183 660 2249 spolia
680 2198 764 2235 aurea
787 2192 812 2234 et
858 2173 903 2231 θον
924 2171 1012 2232 πάντα
1034 2172 1068 2231 τὰ
1093 2169 1175 2245 σκεύη
1198 2173 1232 2231 πίε
1246 2181 1334 2252 χρυσᾶ
1359 2171 1405 2230 καί
1430 2171 1463 2231 τὰ
1485 2176 1535 2252 ἀρ-

203 2279 333 2336 αερειεεεα
351 2285 420 2335 quae
437 2279 515 2321 erant
534 2272 564 2321 in
583 2287 616 2321 ea
634 2279 658 2322 et
678 2274 740 2322 misi
761 2287 812 2322 au·
857 2273 926 2342 γυρᾶ
940 2260 973 2320 ἰθ
989 2263 1015 2320 ἐν
1033 2264 1100 2339 αὐτῇ
1115 2261 1161 2318 καί
1177 2260 1349 2338 ἐξαπέστειλε
1369 2259 1461 2339 ἐξᾶραι
1480 2259 1539 2328 τοὺς

204 2359 276 2424 ferre
300 2341 454 2411 habitantes
479 2363 606 2410 iudaeam
634 2361 692 2410 sine
719 2376 809 2412 cauca.
857 2355 1046 2417 κατοικοῦντας
1070 2348 1157 2410 Ὶσύδα
1181 2349 1225 2410 διὰ
1250 2353 1337 2422 κενῆς.
1363 2353 1410 2411 13.
1432 2345 1538 2426 Ἔγνων

206 2450 246 2501 13.
266 2450 386 2513 Gopnooi
405 2463 467 2512 erpo
487 2451 552 2512 quio
571 2456 715 2514 propterea
735 2452 812 2500 inoe·
857 2430 901 2497 ούν
938 2437 978 2497 θτι
1003 2439 1083 2518 χάριν
1112 2437 1212 2498 τούτων
1241 2429 1313 2519 εθρύν
1344 2461 1376 2515 με
1405 2435 1438 2496 τὰ
1467 2435 1538 2497 κακθι

203 2544 304 2588 nerunt
319 2537 447 2587 memaia
462 2539 531 2597 ista;
545 2545 569 2586 et
584 2552 637 2588 ecce
652 2552 730 2604 pereo
746 2539 811 2588 tris·
858 2531 956 2585 ταῦτα·
977 2527 1023 2585 καί
1042 2524 1098 2585 ίθοίι
1117 2525 1271 2602 άπύλλυμαε
1290 2526 1361 2604 λύπῃ
1387 2527 1491 2604 μεγάλῃ
1511 2528 1537 2584 ἐν

205 2627 269 2676 titia
284 2640 384 2689 mapna
398 2628 430 2676 in
444 2632 517 2676 terro
530 2625 632 2677 alieno.
858 2619 892 2693 γῇ
915 2615 1051 2694 ἀλλοτρίᾳ.

242 2714 285 2766 11.
303 2717 335 2766 h't
359 2717 463 2764 uocauit
490 2715 656 2779 Philippum,
675 2729 759 2764 tenum
781 2716 812 2764 de
899 2706 948 2764 11.
976 2703 1028 2762 Καὶ
1052 2701 1162 2762 ἐκάλεσε
1188 2699 1395 2763 tithimoris«
1417 2707 1468 2761 τῶν
1495 2703 1540 2786 ρί-

206 2805 302 2854 amicis
326 2805 393 2865 suis,
416 2811 441 2853 et
465 2805 623 2869 praeposuit
651 2817 710 2854 eum
732 2819 813 2869 super
857 2794 912 2851 λων
936 2793 1014 2850 αὐτοῦ
1037 2791 1083 2850 καὶ
1104 2790 1265 2862 κατέστησεν
1289 2793 1366 2850 αὐτὸν
1386 2788 1430 2850 ἐπί
1450 2790 1539 2864 πάσης

205 2894 363 2943 uniuersum
384 2906 496 2956 repnum
516 2906 606 2954 suutn;
632 2893 673 2944 15.
692 2899 716 2941 et
740 2893 812 2943 dedit
860 2884 905 2949 τῆς
930 2879 1067 2961 βασιλείας
1092 2881 1182 2939 αὐτοῦ·
1205 2882 1254 2942 15.
1273 2881 1319 2938 καί
1347 2878 1445 2939 ἐδωκεν
1466 2883 1537 2960 αὐτῷ

205 2984 230 3031 ei
245 2981 373 3031 diadema
387 2988 411 3030 et
425 2977 523 3032 stolam
536 2995 614 3032 suam
630 2989 655 3032 et
669 2981 811 3047 annulum,
858 2970 889 3029 si
903 2970 1022 3049 διάδημα
1040 2969 1086 3029 καλ
1100 2969 1148 3044 τὴν
1164 2970 1261 3042 οτύλην
1277 2971 1359 3030 αὐτοῦ
1371 2969 1416 3028 καλ
1430 2966 1476 3028 τὸν
1491 2969 1540 3027 δα-

206 3078 234 3120 ut
257 3071 400 3120 adduceret
412 3071 572 3120 Antiochum
589 3070 677 3136 fliium
697 3085 775 3122 suurn
788 3079 812 3122 et
859 3060 964 3120 κτύλιον
983 3064 1031 3119 τοῦ
1057 3062 1166 3140 ἀγαγεῖν
1188 3057 1321 3139 Ἀντίοχον
1345 3057 1389 3117 τὸν
1414 3058 1469 3118 otho
1493 3059 1540 3116 αθ-

206 3161 328 3210 nutriret
351 3173 410 3208 εειιιι
428 3165 452 3210 et
472 3167 606 3222 repnaret.
631 3160 671 3210 16.
693 3161 725 3210 Et
745 3175 813 3210 rnor-
858 3153 904 3208 τοῦ
939 3148 985 3207 καὶ
1019 3147 1147 3229 ἐκθρέψαι
1181 3146 1260 3207 αὐτὸν
1292 3152 1339 3208 τοῦ
1373 3145 1535 3226 βασιλεύειν.

208 3255 268 3298 tuus
283 3254 322 3298 est
337 3247 397 3298 iiiic
408 3244 553 3298 Antiochus
569 3262 624 3309 rec,
641 3262 713 3298 anno
726 3258 828 3299 cente-·
860 3240 908 3296 16.
926 3236 979 3296 Καὶ
998 3236 1127 3296 ἀπέθανεν
1149 3237 1204 3293 ἐκεῖ
1226 3234 1359 3315 Ἀντίοχος
1381 3241 1394 3296 θ
1416 3234 1539 3314 βασιλεὺς

207 3339 275 3386 simo
289 3337 497 3401 quadrupesimo
510 3350 590 3386 nono.
859 3324 933 3391 ἔτους
958 3323 1066 3382 ἐννάτου
1092 3323 1137 3381 καί
1162 3329 1374 3402 τεσσαρακοστοῦ
1399 3322 1446 3380 καί
1474 3326 1538 3381 ἑκα-

858 3434 963 3474 τοστου.

242 3629 276 3680 Ῑιι
290 3642 319 3679 τ.
338 3629 348 3679 1
365 3627 451 3679 hubot
464 3631 558 3680 toxius
572 3639 628 3678 roc.
645 3622 755 3693 Ελυμαις
767 3643 793 3677 εν
808 3643 838 3692 τη
854 3625 887 3679 Π.
903 3625 990 3688 πολις;
1007 3630 1046 3678 ite
1060 3629 1079 3678 S
1093 3641 1107 3677 u
1121 3640 1234 3691 quoque
1250 3639 1257 3676 ε
1275 3628 1366 3677 hilam
1380 3629 1410 3677 iu
1426 3627 1539 3678 Perside

205 3718 286 3778 urbm
304 3723 333 3768 at
347 3726 368 3771 tt
382 3712 508 3784 ενελυμες,
525 3718 549 3768 Α
568 3711 749 3783 ethos-tutti&
766 3712 909 3784 euthonius
928 3719 971 3768 55.
989 3717 1032 3767 56.
1050 3718 1093 3777 71,
1113 3717 1154 3765 uti
1170 3716 1273 3779 compl.
1294 3716 1348 3766 ald.
1358 3727 1366 3776 ;
1385 3728 1473 3779 quare
1492 3717 1537 3765 Fr.

205 3808 311 3871 recepit
324 3808 354 3856 in
365 3808 473 3857 textum
485 3821 510 3855 εν
523 3801 657 3872 Ελυραιὸι.
675 3801 746 3856 ttius
761 3806 865 3870 quippo
877 3806 1002 3869 Elymais
1016 3819 1073 3856 non
1084 3806 1194 3856 exsistit
1208 3808 1235 3854 ot
1251 3815 1314 3854 cum
1329 3809 1439 3854 veteres
1453 3807 1539 3854 testes

206 3896 382 3946 servaverint
396 3909 432 3960 εν,
450 3907 508 3944 non
522 3895 576 3944 erit
590 3907 662 3957 opus
676 3895 783 3944 auctori
798 3907 922 3945 errorem
937 3897 1084 3959 imputare.

249 4102 438 4171 Antiochus
452 4125 510 4171 uox
523 4104 651 4171 frustra
669 4107 779 4170 teuioi
798 4103 921 4171 urbem
937 4105 1145 4195 locupletem
1161 4105 1302 4194 eiusque
1318 4103 1487 4193 templum
1502 4102 1539 4170 in

207 4210 342 4277 Perside
356 4208 508 4299 spoliare
523 4209 666 4300 (6,1-t);
681 4209 800 4278 audito
816 4213 942 4279 nuntio
958 4211 1000 4278 de
1015 4211 1119 4280 rebus
1134 4212 1170 4277 in
1186 4211 1313 4279 iudaea
1328 4213 1416 4278 malo
1432 4209 1537 4298 gosiis

207 4322 362 4404 aegrotat
387 4316 534 4406 (hh-13)
556 4315 756 4408 Philippum
774 4316 878 4404 regni
897 4317 1141 4386 administrum
1166 4319 1335 4400 nominat,
1352 4316 1444 4384 diam
1466 4315 1539 4382 obit

210 4422 391 4511 (uit-to).

250 4534 432 4598 Narratum
458 4535 507 4595 esi
530 4548 638 4616 supra
667 4528 877 4597 Antiochum
892 4531 1039 4621 penuria
1068 4529 1234 4621 pecuniae
1260 4527 1478 4595 laborantem
1500 4526 1539 4594 in

207 4636 380 4706 Persidem
399 4635 592 4726 proiectum
607 4655 678 4700 esse
697 4635 738 4702 ed
760 4636 891 4703 tributu
910 4635 1080 4724 exigenda
1094 4641 1127 4704 et
1147 4639 1328 4722 argenium
1351 4654 1539 4720 corrogan-

209 4740 287 4810 dum
303 4741 487 4833 (opo-³1).
498 4746 583 4810 Dum
595 4739 702 4828 igitur
717 4749 914 4811 versaretur
926 4745 962 4810 in
973 4741 1213 4833 superioribus
1227 4738 1431 4829 regionibus
1447 4740 1539 4831 (vide
