3625 5367
722 348 753 405 a.
777 360 869 404 anca
895 346 1014 416 1113-1,
1036 318 1042 327 “
1480 351 1535 409 3111

206 495 399 581 designatio
413 516 480 561 non
495 500 605 584 potest
621 516 694 561 esse
709 498 845 582 sumpta
859 516 879 561 a
894 493 1136 582 profanatione
1156 495 1286 583 templi,
1302 496 1430 585 quippe
1450 520 1537 586 quae
1593 490 1598 498 ’

204 606 283 669 ante
300 601 489 668 triennium
508 602 597 668 lacta
617 602 730 668 iuerat
752 600 857 689 (anno
879 606 941 667 115
961 602 1098 667 lllach.
1116 608 1210 680 1,57;
1237 623 1328 668 anno
1350 608 1535 689 ttamen),

199 730 316 797 neque
336 708 393 774 hic
406 708 533 775 dieitur
545 714 622 797 post
638 706 815 774 biennium
832 730 852 773 a
871 712 1022 795 purgato
1043 706 1190 795 templo;
1209 730 1319 796 neque
1336 710 1387 775 ias
1402 716 1452 775 est
1470 712 1538 777 tale

203 814 288 904 quid
316 814 488 903 supplere.
517 819 607 900 Ergo
636 813 846 880 remittimur
872 814 915 879 ad
943 834 1073 879 annum
1100 818 1163 879 tto
1188 814 1245 902 (ci.
1273 821 1288 880 1
1316 816 1421 881 Maeli.
1448 819 1540 901 270)

202 944 241 989 ex
260 942 328 1009 quo
347 942 439 987 anno
458 921 523 987 hoc
542 920 723 987 biennium
744 914 974 1006 computatur.
1058 925 1066 940 ⁸

248 1032 286 1094 Ut
306 1027 605 1115 deprehendamus
629 1048 648 1091 a
670 1048 738 1113 quo
762 1026 909 1092 termino
934 1026 1115 1093 biennium
1138 1026 1225 1093 illud
1251 1030 1457 1095 sumendum
1479 1030 1535 1110 sit,

203 1139 281 1227 apte
302 1139 418 1199 monet
433 1133 593 1201 Patritius
616 1138 775 1223 oportere
793 1132 1013 1199 considerare
1032 1140 1164 1200 ceteros
1183 1133 1265 1199 libri
1285 1134 1388 1215 locoS,
1406 1137 1441 1201 in
1462 1137 1538 1224 qui-

202 1240 267 1306 bus
279 1240 400 1306 similis
413 1240 620 1307 adhibeatur
634 1239 723 1306 ratio
734 1238 922 1306 definiendi
940 1244 1090 1327 tempus3
1106 1246 1186 1305 sunt
1200 1246 1336 1328 praeter
1351 1242 1445 1309 hunc
1458 1247 1536 1321 tait}

203 1356 236 1413 et
258 1354 351 1427 111,1;
371 1376 386 1407 11
410 1347 445 1413 in
471 1353 615 1436 utroque
634 1344 711 1412 loco
731 1346 851 1413 eadem
873 1346 958 1413 haec
972 1346 1079 1411 verba
1092 1346 1258 1431 leguntur
1276 1367 1283 1413 :
1295 1358 1376 1437 post
1392 1347 1536 1414 triennii

202 1466 318 1520 autem
343 1452 613 1542 temperabant
635 1475 675 1519 ea
697 1474 786 1542 quae
807 1455 995 1519 narrantur
1014 1453 1092 1541 quis
1111 1451 1212 1518 facile
1235 1457 1332 1542 putet
1354 1454 1444 1520 lacta
1465 1477 1536 1521 esse

202 1560 311 1628 tribus
334 1560 432 1626 annis
451 1565 528 1648 post
549 1560 608 1625 illa
630 1582 718 1647 quae
734 1558 888 1648 proxime
907 1564 1048 1625 narrata
1068 1564 1164 1638 sunt;
1181 1558 1285 1644 longe
1301 1549 1419 1626 tamen
1440 1583 1538 1627 secus

201 1689 272 1733 rem
297 1688 332 1732 se
358 1665 504 1747 habere,
531 1665 591 1732 ubi
622 1663 802 1754 paululum
825 1664 1025 1761 attenderit,
1054 1663 1151 1731 nullo
1180 1665 1323 1752 negotio
1350 1668 1536 1755 comperiet

201 1772 439 1861 intelligatque
458 1772 494 1837 in
516 1772 629 1861 primo
650 1772 726 1838 loco
744 1777 880 1861 tempus
902 1770 1090 1857 designari,
1111 1793 1180 1838 non
1199 1793 1239 1838 ex
1264 1794 1333 1861 quo
1350 1773 1536 1840 Antiochus

202 1878 396 1968 Epiphanes
423 1878 692 1966 Hierosolymam
720 1884 881 1959 venerat,
907 1878 968 1943 sed
1000 1901 1041 1943 ex
1072 1900 1140 1965 quo
1166 1882 1263 1943 lason
1295 1879 1534 1966 pontificatum

201 1984 357 2072 gerebat,
379 1984 415 2049 in
443 1984 551 2051 altero
581 1988 697 2051 autem
724 1992 861 2074 tempus
884 1989 1052 2066 exactum,
1078 2004 1150 2050 non
1173 1988 1249 2072 post
1273 1984 1396 2051 urbem
1420 1986 1537 2053 lliero-

202 2091 372 2178 solymam
396 2090 440 2156 ab
456 2090 624 2157 Antiocho
644 2094 812 2178 Eupatore
836 2089 1021 2171 obsessam,
1044 2088 1104 2155 sed
1128 2094 1205 2177 post
1227 2087 1316 2157 illud
1340 2090 1533 2174 biennium,

202 2197 244 2263 de
269 2219 336 2285 quo
359 2218 451 2263 nunc
475 2196 629 2285 quaestio
653 2202 714 2261 est.
737 2199 846 2271 Quare
870 2218 948 2262 cum
972 2194 1066 2262 istud
1091 2195 1267 2260 dierectum
1291 2202 1441 2283 nequeat
1465 2222 1536 2264 esse

201 2302 289 2370 illud
308 2302 471 2392 temporis
490 2301 637 2393 spatium
654 2302 747 2390 quod
769 2301 963 2367 intercessit
984 2301 1075 2367 inter
1090 2301 1260 2389 templum
1283 2302 1458 2389 pollutum
1479 2326 1537 2369 ex-

201 2410 414 2499 piatumque,
433 2431 580 2497 eumque
603 2408 692 2475 nihil
711 2408 857 2497 scriptor
871 2406 964 2473 dicat
983 2429 1052 2495 quo
1074 2428 1137 2472 nos
1159 2412 1262 2491 cogat
1280 2407 1328 2473 ita
1349 2409 1416 2474 hoc
1434 2409 1534 2476 bien·

201 2515 298 2583 nium
327 2516 539 2603 intelligere,
567 2537 645 2581 cum
672 2516 821 2603 deniquo
852 2517 985 2580 constet
1011 2512 1210 2579 huiusmodi
1238 2513 1535 2599 designationibus

200 2630 395 2712 temporum
417 2646 437 2688 a
459 2622 538 2688 libri
560 2622 725 2710 scriptore
743 2642 964 2710 nequaquam
988 2618 1126 2685 deliniri
1145 2618 1296 2708 spatium
1314 2619 1533 2688 interiectum

200 2731 290 2796 inter
305 2752 345 2796 ea
360 2752 447 2817 quae
462 2728 618 2818 proxime
636 2732 767 2807 narrat,
786 2726 1028 2793 concludimus
1047 2724 1180 2791 biennii
1195 2725 1373 2792 exordium
1394 2726 1535 2795 aliunde

201 2858 240 2902 ac
263 2858 283 2902 a
309 2833 430 2925 templi
455 2835 646 2924 pollutione
669 2834 906 2924 repetendum.
935 2832 1030 2899 Unde
1054 2836 1169 2898 autem
1197 2831 1291 2898 baud
1319 2832 1461 2900 difficile
1485 2842 1534 2901 est

199 2942 390 3033 pervidere.
409 2942 512 3008 llaior
528 2941 610 3008 libri
628 2962 777 3031 parares
796 2940 900 3006 tudae
917 2938 1111 3005 blachabaei
1132 2938 1385 3027 complectitur,
1403 2941 1535 3030 hasque

199 3048 431 3139 perstringere
446 3048 591 3139 scriptor
605 3048 670 3115 sibi
681 3047 895 3137 propositum
908 3046 1094 3136 praecipue
1109 3046 1213 3111 fuisse
1226 3046 1409 3134 profitetur
1423 3048 1535 3136 (220-

200 3156 269 3243 13).
295 3160 360 3222 Eae
384 3155 725 3244 comprehenduntur
742 3155 854 3243 spatio
875 3152 1031 3240 quinque
1053 3173 1224 3217 annorum
1246 3158 1279 3217 et
1300 3159 1378 3218 octo
1399 3154 1537 3220 circiter

200 3262 409 3329 mensium...
426 3267 550 3328 Earum
566 3266 680 3328 autem
700 3280 816 3326 rerum
836 3259 924 3323 duae
945 3256 1140 3345 potissimae
1160 3260 1240 3321 sunt
1256 3263 1359 3344 atque
1379 3258 1533 3326 omnium

201 3369 303 3435 tudae
325 3366 468 3433 laudum
491 3367 589 3455 quasi
605 3368 729 3455 capita,
746 3385 922 3431 sacrorum
939 3363 1083 3449 inquam
1104 3361 1322 3442 instauratio,
1340 3368 1374 3428 et
1387 3362 1535 3431 Nicanor

199 3474 369 3564 huiusque
390 3473 557 3539 exercitus
579 3473 624 3539 ad
643 3470 914 3538 internecionem
936 3466 1177 3535 trucidatus».
1200 3470 1287 3533 Hace
1311 3468 1381 3535 duo
1403 3470 1533 3539 indicat

199 3581 344 3669 scriptor
358 3578 530 3669 adscripta
549 3586 630 3645 nota
649 3599 830 3657 annorum,
849 3597 936 3667 quos
954 3574 1058 3641 tudae
1080 3579 1242 3660 exegerat
1262 3573 1299 3639 in
1316 3576 1529 3665 principatu,

199 3688 246 3754 ita
264 3687 373 3755 Golm.
392 3687 524 3754 censuit
542 3705 548 3751 :
565 3690 643 3774 post
657 3684 849 3763 biennium,
866 3704 971 3773 quam
987 3680 1088 3748 ludas
1102 3678 1269 3769 populum
1285 3680 1534 3751 moderabatur

201 3796 296 3884 (item
326 3796 431 3860 Usser.
458 3796 543 3881 Lop.
573 3793 740 3875 Serorr'us,
766 3790 958 3875 Salienus).
984 3792 1177 3866 Incensum,
1205 3785 1314 3853 altare
1339 3786 1471 3856 incensi
1496 3792 1532 3858 in

199 3906 315 3968 sancto
331 3905 364 3967 et
379 3898 584 3979 sacrificium
600 3900 793 3966 restitutum
812 3904 863 3963 est
879 3896 911 3985 (1
930 3894 1037 3961 llaoh.
1056 3892 1166 3979 t‚to);
1183 3893 1265 3958 item
1284 3892 1531 3963 candelabrum

199 4008 334 4075 illatum
361 4016 395 4073 et
422 4006 582 4072 lucernae
609 4026 770 4072 accensae
795 4009 828 4071 et
854 4024 964 4093 panes
990 3998 1235 4090 propositionis
1262 3998 1388 4067 iterum
1411 4003 1529 4091 positi;

199 4114 261 4181 illa
285 4114 377 4180 enim
398 4114 623 4179 instrumenta
643 4118 677 4178 et
695 4132 850 4178 mensam
871 4128 926 4193 τῆς
946 4116 1115 4197 προθέσεως
1138 4104 1326 4173 abstulerat
1347 4109 1534 4179 Antiochus

200 4224 231 4310 (1
258 4220 363 4289 llach.
393 4219 497 4307 133).
527 4224 676 4308 Corpore
701 4215 866 4307 prostrati
893 4221 1019 4301 rogant
1048 4235 1091 4279 ne
1114 4216 1200 4278 Deus
1229 4210 1268 4279 in
1295 4219 1470 4302 posterum
1497 4240 1532 4284 se

198 4327 335 4394 tradant
359 4314 559 4393 hominibus
580 4325 667 4392 adeo
689 4323 864 4405 barbaris,
890 4320 1025 4411 impiis,
1053 4320 1112 4408 qui
1135 4317 1209 4385 scil.
1236 4324 1332 4383 tanto
1356 4320 1472 4387 lurore
1495 4326 1530 4390 in

198 4434 443 4515 sanctuarium,
469 4437 585 4500 eontra
607 4432 701 4518 leges
727 4429 985 4497 debacchentur
1009 4433 1040 4492 ct
1061 4425 1104 4491 ad
1127 4421 1362 4490 idololatriam
1383 4426 1531 4496 adstrin-

197 4544 294 4627 gant.
314 4544 379 4605 Hae
398 4540 435 4606 in
451 4537 655 4607 re'exauditi
671 4541 767 4619 sunt;
787 4558 868 4603 nam
885 4534 965 4600 talis
980 4532 1171 4622 persecutio
1188 4528 1326 4618 qualem
1341 4532 1530 4603 Antiochus

198 4648 272 4714 fieri
290 4648 433 4715 iusserat
452 4646 522 4713 iam
542 4667 612 4711 non
634 4645 671 4711 in
685 4666 742 4711 eos
757 4636 918 4710 devoluta
942 4645 1002 4708 est.
1023 4638 1074 4706 Ad
1091 4660 1122 4704 r.
1142 4642 1160 4702 5
1178 4635 1256 4701 vide
1274 4642 1290 4702 1
1310 4638 1416 4705 ltach.
1434 4648 1524 4723 t,5t.

197 4758 332 4822 Festum
356 4753 584 4822 dedicationis
605 4750 824 4818 celebrarunt
844 4772 909 4839 per
929 4752 1003 4814 octo
1024 4745 1096 4812 dies
1116 4741 1305 4811 secundum
1325 4744 1429 4813 ritum
1448 4749 1528 4818 festi
1638 4830 1643 4838 ³
