3625 5367
676 284 705 339 2.
729 297 822 343 uncn.
847 285 1003 360 ituit-36.
1451 295 1507 352 tit

179 454 270 497 natus.
285 447 329 496 25.
343 446 507 509 liopaoitque
522 458 580 495 eum
599 445 692 493 ducere
711 457 782 493 uao-
829 436 916 509 γῆμαι
929 436 976 494 καὶ
989 436 1242 508 παιδοποιήσασθαι·
1252 440 1398 516 ἐγάμησεν,
1410 442 1505 501 εὐστά-

180 549 233 586 rem
252 535 373 599 filiosque
394 546 550 599 procreare,
569 535 682 597 nuptias
701 532 781 597 [etin
829 526 918 594 θησαν,
937 524 1095 597 ἐκοινώνησε
1116 526 1184 604 βίου.
1200 528 1248 586 26.
1272 525 1306 586 ‘0
1326 527 1354 585 δὲ
1372 527 1499 606 Ἄλκιμος

179 626 265 687 quiete
295 625 360 687 epit,
387 624 611 685 communiterque
641 622 779 673 visebant.
830 611 941 670 συνιδὼν
964 612 1012 685 τήν
1033 614 1098 692 πρὸς
1118 613 1249 685 ἀλλήλους
1267 616 1371 676 εύνοιαν
1392 618 1438 675 καὶ
1459 618 1508 685 τάς

179 713 223 763 26.
250 712 367 763 Alcimus
398 718 485 761 autem
515 712 608 762 uidens
638 713 779 761 caritatem
829 700 972 779 γινομένοις
990 702 1122 773 συνθήκας
1140 695 1356 781 άναλαῦὼν,ήκε
1374 707 1440 784 πρὸς
1457 707 1501 765 τὸν

178 802 289 853 illorum
322 802 356 851 ad
389 802 502 851 inuicem
533 808 557 851 et
584 802 779 860 contentiones,
827 789 982 871 Δημήτριον
997 791 1043 849 κοιλ
1061 789 1135 868 ίλεγε
1155 793 1199 853 τόν
1218 795 1354 873 Νικάνορα
1374 794 1502 876 ἀλλότριοι

178 893 251 941 cenit
271 892 305 940 ad
319 891 480 940 Demetrium
499 898 524 939 et
543 890 647 939 dicebat
662 890 781 940 Nicano-
827 883 932 959 φρονεῖν
953 884 1005 939 τῶν
1030 881 1206 958 πραγμάτων·
1221 881 1267 940 τὸν
1288 883 1340 963 γάρ
1363 882 1506 943 θπίδουλον

125 1014 134 1021 -
178 992 232 1029 rem
254 979 332 1029 rebus
357 978 455 1029 alienis
477 981 617 1039 assentire,
632 978 778 1040 ludamque
826 970 874 1037 τῆς
902 968 1040 1047 βασιλείας
1061 968 1162 1030 Ἰούδαν
1190 970 1313 1050 διάδοχον
1336 971 1503 1053 άναδάδιιχιν

178 1070 254 1132 repni
292 1069 481 1118 insidiatorem
518 1081 689 1119 successorem
726 1068 780 1116 sibi
827 1057 933 1118 ἑαυτοῦ.
947 1060 998 1119 27.
1011 1056 1048 1118 Ὁ
1060 1058 1087 1117 δὲ
1102 1058 1226 1137 βασιλεὺς
1240 1059 1353 1137 θκθυμος
1366 1062 1504 1139 γενόμενος

178 1158 333 1207 destinasse.
354 1157 397 1208 27.
418 1158 510 1220 ltaque
534 1170 581 1207 rec
604 1163 781 1221 exasperatus
826 1146 872 1205 καί
887 1147 944 1227 ταῖς
954 1152 1001 1205 τοῦ
1012 1149 1191 1226 παμπονήρυυ
1205 1149 1345 1227 ἐρεθισθεὶς
1357 1148 1505 1223 διαύολαῖς,

178 1252 202 1295 et
216 1248 339 1310 pessimis
359 1247 439 1296 buius
457 1246 694 1295 criminationibus
709 1246 779 1295 irri-
826 1232 926 1315 ἔγραψε
949 1236 1081 1317 Νικάνορι
1094 1236 1204 1317 ράσκων
1218 1236 1285 1318 ὑπὲρ
1300 1238 1348 1308 μὲν
1367 1241 1421 1297 τῶν
1441 1264 1505 1299 συν-

179 1340 249 1384 tatus
268 1336 377 1399 scripsit
399 1335 529 1385 Nicanori
550 1335 638 1384 dicens
659 1336 781 1398 praviter
827 1327 915 1396 θηκῶν
929 1323 1031 1404 βαρέως
1046 1324 1144 1405 φύρειν,
1154 1326 1269 1385 κελεύων
1284 1326 1311 1385 δὲ
1325 1326 1370 1386 τὸν
1385 1316 1504 1387 biunna-

179 1424 284 1487 quidem
307 1438 334 1473 se
357 1422 428 1487 [erre
450 1425 481 1472 de
503 1424 640 1473 amicitiae
666 1436 780 1473 conucn-
827 1411 903 1471 δαῖον
913 1412 1022 1490 δέσμιον
1033 1412 1233 1482 ἐξαποστέλλειν
1243 1415 1346 1495 ταχέως
1355 1416 1503 1482 ιίςἈντιό-

180 1512 365 1571 tione,iubcre
386 1519 474 1561 tamen
492 1513 680 1562 Nacbabacum
700 1513 781 1562 citius
827 1524 913 1581 peius.
941 1504 992 1563 28.
1025 1502 1230 1581 Προςπισόντων
1265 1504 1293 1563 ii
1328 1504 1428 1564 τούτων
1466 1508 1504 1585 τῷ

178 1601 296 1650 uinctum
311 1602 414 1651 mittere
426 1602 605 1651 Antiochiam.
621 1601 664 1652 ts.
680 1602 781 1661 ouibus
828 1590 969 1670 Νικάνορι,
981 1590 1140 1671 συνεκέχυτο
1153 1591 1199 1651 καὶ
1215 1591 1345 1673 δυςρόρως
1364 1594 1466 1674 ἔφερεν,
1481 1596 1504 1653 el

178 1690 293 1751 capnitis
307 1691 425 1741 Nicanor
439 1691 662 1740 consternabatur
676 1696 700 1740 et
715 1705 780 1754 pra·
827 1678 861 1736 rit
873 1679 1050 1757 διεσταλμένα
1062 1683 1185 1752 ἀθετήσει
1198 1681 1280 1757 μηδδν
1290 1682 1399 1759 τάνδρὸς
1411 1685 1504 1755 ἠδικη-

178 1779 247 1827 viter
270 1777 382 1842 serebat,
406 1780 429 1828 si
453 1792 485 1828 ea
508 1792 575 1842 quae
599 1785 781 1830 conuenerant
828 1769 914 1836 κότος.
929 1771 979 1830 29.
993 1766 1072 1829 ’Enii
1092 1770 1119 1829 δί
1137 1772 1176 1851 τῷ
1198 1772 1302 1848 βασιλεῖ
1317 1770 1502 1851 ἀντιπράττειν

177 1868 260 1916 irrita
271 1866 378 1929 faceret,
388 1866 460 1917 nibil
471 1868 559 1916 laesus
570 1869 663 1918 aoiro.
676 1868 721 1919 29.
730 1869 781 1919 Sed
828 1859 875 1916 οὐκ
895 1848 940 1930 ήν,
954 1857 1074 1939 εύκαιρον
1094 1858 1183 1938 ἐτήρει
1203 1859 1409 1939 στρατηγήματι
1427 1863 1501 1920 τοῦτ’

71 1990 81 2006 s
177 1956 242 2017 quia
258 1956 316 2017 cepi
335 1956 456 2004 resistere
476 1969 531 2005 nou
549 1963 663 2019 poterat,
678 1970 780 2021 oppor-
827 1945 988 2005 ἐπιτελέσαι.

177 2044 319 2092 tunitatem
342 2043 508 2103 obseruabat,
531 2058 585 2105 aua
607 2052 779 2108 praeceptum

176 2132 321 2195 perficeret.

213 2220 257 2271 30.
266 2222 299 2268 tt
309 2220 484 2270 Nacbabaeus
494 2222 587 2271 videns
597 2234 683 2270 secum
693 2228 778 2271 auste-
866 2213 916 2271 30.
929 2210 964 2271 ‘0
978 2212 1006 2269 δὲ
1021 2212 1200 2277 Μακκαῦαῑος
1212 2213 1402 2291 αὐστηρότερον
1415 2212 1501 2280 διεξά-

177 2308 235 2358 rius
265 2322 343 2371 apere
376 2310 537 2359 Nicanorem
569 2317 594 2359 et
627 2316 779 2359 cmuuetum
825 2320 905 2374 γοντα
929 2298 1040 2358 συνιδὼν
1061 2298 1106 2357 τὸν
1127 2299 1264 2377 Νικάνορα
1282 2300 1317 2357 τά
1335 2299 1400 2379 mpii
1421 2302 1500 2359 αὗτόν

176 2410 310 2447 occursum
334 2396 448 2463 ferocius
473 2399 647 2453 exhibentem.
671 2398 779 2448 intelli·
825 2385 870 2444 καὶ
898 2372 948 2458 τήν
977 2385 1127 2462 εἰθισμένην
1155 2388 1305 2460 ἀπάντησιν
1335 2389 1499 2469 άγριωτίροιν

176 2500 239 2550 pens
249 2500 344 2535 nonen
355 2487 776 2547 bonoesseausteritatemistam,
825 2474 970 2556 ἐσχηκότα,
986 2475 1085 2547 νοήσας
1103 2478 1151 2535 abu
1170 2477 1223 2535 άπὸ
1236 2481 1283 2535 τοῦ
1299 2477 1437 2554 βελτίστου
1452 2475 1498 2549 τήν

174 2576 269 2641 ρουοίε
284 2589 393 2625 suorum
412 2578 580 2638 concrepatis
595 2576 738 2626 occultavit
751 2590 778 2627 se
825 2565 970 2643 αθστηρίαν
989 2554 1068 2636 εἶναι,
1088 2564 1237 2645 dumibus
1256 2567 1304 2624 οὒκ
1322 2564 1425 2642 θλῖγῠυὶ
1448 2569 1499 2625 τῶν

176 2665 411 2714 unisonarum.
429 2664 778 2728 Quodcumillecoanovit
825 2653 885 2732 rupi
915 2653 1020 2729 ἑαυτὸν,
1044 2653 1236 2732 συνικρύπτετο
1268 2654 1312 2713 τὸν
1348 2653 1496 2732 Νικάνορα.

175 2751 284 2815 sortiter
302 2767 328 2802 se
348 2767 365 2801 a
381 2754 440 2803 uiro
453 2760 639 2817 praeventum,
653 2754 727 2803 venit
743 2756 777 2803 ad
824 2744 874 2801 3l.
894 2740 1028 2820 Συγγνοθς
1051 2742 1078 2800 δὲ
1098 2746 1112 2800 ὁ
1133 2742 1220 2822 ἕτερος
1240 2743 1281 2801 ὅτι
1302 2743 1427 2822 γενναίως
1449 2744 1500 2802 ὑπὸ

176 2843 320 2890 inanimum
339 2848 364 2890 et
382 2842 580 2890 sanctissimum
600 2841 735 2907 templum,
753 2850 778 2891 et
824 2835 869 2890 τοῦ
890 2830 981 2909 ἀνδρὸς
1000 2831 1209 2910 ίστρατήγηται,
1222 2833 1437 2909 παραγενόμενος
1456 2834 1500 2891 ἐπὶ

174 2930 356 2979 sacerdotibus
375 2929 470 2978 salitas
490 2930 592 2979 hostias
607 2932 777 2993 offerentibus
823 2916 854 2977 τὸ
874 2919 998 2998 μέγιστον
1016 2920 1062 2979 καὶ
1081 2919 1155 2996 άγιον
1172 2919 1254 2999 ἱερόν,
1265 2923 1317 2979 τῶν
1337 2921 1428 3001 ίερίων
1451 2921 1499 2987 τδς

175 3019 254 3066 iussit
274 3017 328 3066 sibi
344 3018 529 3068 tradioirum.
546 3020 588 3070 32.
604 3022 777 3079 Quibuscum
823 3007 992 3079 καθηκούσας
1023 3008 1115 3074 θυσίας
1150 3009 1346 3090 προςαγόντων,
1378 3010 1499 3069 ἐκέλευσε

175 3106 487 3161 iuramentodicentibus
499 3110 600 3159 nescire
613 3124 639 3159 se
651 3110 698 3159 ubi
711 3118 777 3161 esset
823 3097 998 3175 παραδιδόναι
1026 3097 1070 3155 τὸν
1099 3097 1193 3177 άνδρα.
1217 3100 1266 3159 32.
1290 3102 1352 3159 Τῶν
1379 3098 1407 3159 δὲ
1438 3104 1495 3173 μεθ’

175 3194 222 3257 qui
240 3196 430 3257 quaerebatur,
451 3198 592 3247 extendens
611 3211 720 3248 manum
742 3199 777 3247 ad
823 3186 907 3261 θρκων
936 3184 1090 3263 φασκόντων
1120 3187 1158 3261 μή
1189 3186 1327 3259 γινώσκειν
1355 3190 1406 3245 ποῦ
1434 3198 1494 3243 ποτ’

176 3283 312 3347 templum,
325 3284 481 3333 iutuemur
494 3284 584 3333 dicens
596 3286 669 3334 :nisi
682 3286 777 3335 ludam
824 3273 893 3331 lasis
913 3276 928 3330 δ
944 3272 1112 3347 ζητούμενος,
1128 3273 1267 3351 προτείνας
1284 3272 1333 3343 τήν
1352 3272 1438 3340 δεξιὰν
1460 3277 1496 3339 είς

176 3372 243 3421 milti
274 3373 395 3421 vinetum
423 3372 604 3433 tradideritis,
630 3374 702 3422 istud
729 3375 776 3422 liei
823 3359 866 3418 τδν
888 3359 940 3419 νεὼ
960 3366 1045 3445 ταῦτα
1066 3359 1244 3437 ῶμοσεν·33.
1263 3358 1307 3419 iio
1328 3360 1366 3438 μή
1386 3360 1492 3436 δέσμιόν

176 3460 271 3524 {anum
289 3462 320 3510 in
337 3460 482 3524 planitiem
503 3462 630 3511 deducam
649 3469 673 3512 et
689 3462 776 3512 altare
824 3471 869 3525 μοι
884 3449 929 3507 τὸν
943 3446 1046 3509 Ἰούδαν
1059 3450 1214 3530 παραδῶτε,
1224 3448 1297 3508 τόνδε
1310 3450 1354 3509 τὸν
1366 3454 1412 3508 τοῦ
1425 3450 1497 3511 Θεοῦ

176 3550 299 3611 effodiam
320 3557 343 3598 et
366 3549 491 3613 templum
516 3552 564 3601 boe
587 3552 680 3601 Libero
700 3552 777 3616 patri
824 3536 905 3611 σηκὸν
921 3540 958 3605 είς
972 3539 1060 3597 πεδίον
1074 3538 1190 3611 ποιήσω,
1205 3537 1251 3597 καλ
1265 3539 1295 3597 τὸ
1309 3540 1497 3618 θυσιαστήριον

175 3638 340 3688 consecrabo.
354 3638 440 3689 34.Ει
451 3639 493 3689 bis
504 3639 583 3689 dictis
595 3640 673 3692 abiit.
685 3643 776 3691 Sacer·
823 3627 1001 3708 κατασκάψω,
1019 3627 1065 3685 καλ
1086 3627 1156 3706 ἱερὸν
1178 3631 1291 3686 ἐνταῦθα
1315 3630 1353 3708 τῷ
1376 3630 1496 3707 Διονύσῳ
1543 3634 1547 3638 ’

176 3726 247 3775 dotes
281 3733 368 3776 autem
399 3729 585 3792 protendentes
618 3743 714 3779 manus
748 3732 778 3780 in
824 3716 946 3796 ἐπιφανὲς
969 3714 1122 3786 άναστήσω.
1143 3718 1190 3776 3t.
1212 3718 1338 3775 Τοσαῦτα
1362 3715 1391 3775 δί
1413 3715 1496 3776 εἰπὼν

175 3814 276 3863 coelum
288 3816 451 3867 invocabant
466 3831 524 3866 eum
538 3818 585 3880 qui
599 3831 701 3883 semper
715 3833 777 3883 pro·
824 3807 951 3877 ἀπῆλθεν·
964 3806 988 3862 ol
1007 3805 1035 3863 δὲ
1053 3807 1131 3883 ἱερεῖς
1149 3804 1333 3884 προτείναντες
1346 3803 1393 3872 τάς
1407 3813 1499 3885 χεῖρας

174 3910 311 3967 μυροοιοι·
343 3912 408 3954 esset
440 3909 526 3969 pontis
555 3908 684 3971 ipsorum,
713 3910 777 3957 baec
823 3897 859 3962 είς
880 3893 924 3952 τὸν
943 3895 1052 3975 ούρανὸν
1076 3895 1254 3952 ἐπεκαλοῦντο
1274 3894 1318 3953 τὸν
1338 3893 1382 3952 διδι
1399 3897 1499 3960 παντὸς

174 3992 288 4042 dicentes
304 4008 312 4041 :
329 3994 372 4043 35.
390 3996 436 4053 Tu,
450 3996 558 4045 Domine
578 3998 775 4059 uniuersorum,
823 3983 977 4063 ὑπάρμαχον
996 3986 1043 4042 τοῦ
1061 3983 1148 4048 ίθνους
1162 3987 1249 4060 ήμῶν,
1261 3988 1347 4041 ταῦτα
1361 3981 1494 4059 λε’γοντες.

175 4082 221 4143 qui
249 4081 354 4131 nullius
378 4084 493 4146 indiges,
516 4084 626 4134 voluisti
651 4086 778 4149 templum
824 4072 926 4134 35.Σ“υ
944 4070 1024 4151 Κύριε
1042 4076 1095 4131 τῶν
1113 4072 1182 4130 ύλων
1200 4072 1495 4152 άπροςδιήςῦπάρχων,

175 4168 354 4220 habitationis
370 4178 430 4221 tuae
450 4173 509 4235 fieri
529 4174 559 4222 ln
577 4173 664 4223 nobie.
682 4174 725 4224 36.
744 4176 778 4225 ttt
824 4160 970 4232 εὐδόκησας
990 4162 1050 4220 ναὸν
1072 4165 1119 4233 τῆς
1139 4166 1186 4232 σῆς
1209 4160 1367 4232 σκηνώσεως
1385 4164 1412 4219 it
1431 4161 1495 4237 ἡμῖν

173 4264 647 4321 nunc,sanctesanctorum,omnium
658 4264 777 4323 Domine,
824 4249 957 4327 γενέσθαι.
970 4252 1020 4310 36.
1037 4250 1090 4310 Καὶ
1109 4254 1163 4321 νῦν,
1176 4249 1234 4327 άγιε
1249 4250 1347 4316 παντὸς
1362 4249 1497 4326 &iiiior-⁴⁰3

102 4402 103 4407 η
174 4350 779 4415 conseroainaeteruumimpollutamdomum
828 4339 922 4419 Κύριε,
939 4337 1098 4417 διατήρησον
1117 4339 1153 4405 είς
1172 4342 1255 4397 αἰῶνα
1274 4338 1403 4414 άμίαντον
1421 4337 1496 4397 τόνδε

174 4435 264 4495 istam,
280 4450 346 4497 quac
360 4452 448 4502 nuper
462 4440 591 4489 mundata
606 4447 653 4491 est.
826 4427 870 4486 tiu
884 4428 1039 4508 προςράτως
1052 4425 1275 4507 κεκαθαρισμένον
1288 4417 1370 4486 οίκον.

217 4573 334 4642 ludaei
351 4597 446 4643 more
463 4578 561 4644 solito
576 4578 730 4646 oratione
744 4583 777 4647 ci
794 4577 919 4645 habitu
932 4576 1129 4665 lugentium
1146 4600 1185 4644 no
1199 4576 1448 4667 poenitentium
1467 4597 1502 4642 se

174 4682 429 4773 praeparabant
443 4683 562 4751 audita
575 4685 754 4753 Nicanoris
768 4683 964 4752 incussione
977 4690 1011 4751 et
1021 4683 1196 4751 invasione
1208 4683 1381 4769 gentium
1397 4682 1504 4750 cilun-
