3625 5367
591 392 722 484 Ι111111
744 432 832 475 arona
853 430 1033 477 courosrrus
1054 431 1110 475 srr.
1485 425 1524 483 33

193 564 385 635 Alexander
399 570 567 633 lannaeus
583 566 732 651 gloriam
746 564 926 653 dynastiae
938 564 1026 630 adeo
1040 562 1278 648 obscurarunt,
1295 575 1332 634 ut
1346 575 1524 639 auctorem

193 671 368 762 quendam
388 672 487 762 pium
507 672 621 762 potius
640 671 795 738 dolorem
818 670 1118 738 manifestaturum
1143 693 1212 739 esse
1238 675 1449 744 credendum
1468 677 1522 761 sit,

194 776 385 868 qnod'talis
404 780 507 869 stirps
521 783 703 845 consecuta
718 778 761 845 sit
774 776 1021 867 principatum.
1040 782 1164 844 Verum
1180 800 1258 845 cum
1278 787 1397 849 auctor
1411 789 1527 851 noster

193 886 287 975 pius,
314 884 402 973 legis
430 884 767 965 observantissimus,
801 883 924 951 laudes
953 889 988 949 et
1018 885 1200 972 praeconia
1232 890 1525 958 Hasmonaeorum

194 992 386 1073 annuntiet,
404 991 528 1059 merito
548 990 755 1063 censendum
771 990 837 1056 erit
856 1012 936 1058 eum
950 990 1134 1078 scripsisse,
1152 998 1339 1081 antequam
1357 997 1525 1084 pernicies

194 1097 267 1165 eius
290 1098 405 1187 stirpis
429 1097 611 1165 manifesta
634 1098 722 1164 lacta
746 1095 804 1175 sit,
827 1096 971 1185 proinde
990 1094 1046 1161 vel
1067 1095 1189 1162 ultimo
1213 1103 1366 1189 ternpore
1389 1103 1525 1170 loannis

199 1204 314 1287 (rebus
334 1206 406 1271 eius
425 1204 499 1271 scil.
523 1203 638 1293 gestis)
663 1202 718 1271 vcl
738 1224 816 1269 mox
834 1209 912 1291 post
932 1202 1006 1269 eius
1025 1208 1182 1273 mortem.
1205 1205 1256 1270 Ad
1278 1206 1371 1293 quod
1392 1213 1526 1299 tempus

194 1311 297 1378 etiam
312 1314 431 1399 aptum
446 1316 508 1393 est,
527 1310 581 1377 vel
597 1311 716 1377 saltem
734 1310 765 1376 ei
779 1308 975 1376 nullatenus
992 1308 1196 1375 contradicit
1210 1312 1300 1399 quod
1321 1319 1420 1394 13,30
1439 1314 1526 1401 legi-

193 1424 252 1483 tur
270 1424 533 1484 monumentum
548 1416 585 1483 in
599 1416 709 1483 llodin
725 1419 877 1482 erectum
894 1400 980 1505 (1111.
1002 1415 1250 1505 1131111101.)
1270 1424 1402 1485 exstare
1417 1442 1526 1511 usque
1586 1436 1588 1440 ·

193 1522 230 1590 in
246 1522 457 1591 huncdiem.

239 1629 432 1697 versionem
446 1650 609 1715 graecam
623 1628 719 1695 haud
734 1628 793 1695 diu
809 1633 927 1717 postea
941 1649 1012 1694 esse
1031 1627 1233 1695 adornatam
1249 1653 1344 1697 exeo
1361 1632 1526 1719 colligere

193 1736 285 1818 licet,
302 1736 384 1825 quio
401 1735 606 1803 Hellenistae
626 1735 755 1801 librum
776 1734 919 1800 huncio
937 1755 1037 1800 sarum
1055 1741 1262 1822 receperunt
1281 1759 1449 1806 canonem
1467 1740 1523 1830 (11.

198 1842 357 1931 Cornely,
376 1840 502 1909 lntrod.
518 1846 558 1925 ll,
579 1848 646 1924 1,9.
665 1841 718 1908 ed.
734 1862 770 1907 n.
790 1839 880 1929 151).
898 1844 945 1907 Ea
959 1839 1114 1907 versione
1124 1842 1288 1931 Iosephus
1301 1866 1438 1935 quoque
1447 1868 1527 1914 usus

195 1954 255 2016 est.

152 2154 156 2159 ·
234 2096 327 2188 bono
342 2129 418 2189 1896
433 2126 671 2188 inbibliotheca
689 2124 860 2204 parisiensi
882 2122 1043 2187 tholson
1063 2126 1183 2205 reperit
1203 2127 1236 2186 in
1255 2127 1366 2190 codice
1388 2129 1527 2192 hebraeo

130 2271 138 2287 .
194 2225 339 2303 quodam
351 2226 490 2287 maiores
501 2223 688 2303 parteslibri
700 2222 795 2284 huius
807 2224 925 2301 prioris
938 2222 1045 2303 lingua
1055 2223 1191 2284 hebraea
1202 2242 1381 2303 expressas.
1394 2226 1527 2293 'l'extum
1654 2281 1656 2286 .
1758 2247 1805 2310 'p

194 2323 280 2384 hunc
292 2323 468 2383 hebraeum
483 2322 589 2384 denuo
604 2320 706 2382 edidit
722 2326 754 2381 et
768 2320 865 2381 variis
878 2320 1158 2399 disquisitionibus
1172 2322 1342 2385 illustravit
1355 2323 1412 2385 Dr.
1427 2324 1529 2387 Abra-

196 2420 268 2480 tom
283 2417 452 2481 Schweizer
466 2438 476 2479 :
490 2418 773 2497 Untersuchuogen
793 2418 872 2479 iiber
887 2418 939 2479 die
955 2418 1049 2479 Reste
1065 2418 1152 2479 eines
1167 2420 1256 2480 hebr.
1276 2422 1388 2484 Teates
1406 2440 1482 2483 vom
1497 2426 1525 2485 t.

196 2516 482 2591 Makkabtierbucb,
499 2518 605 2577 Berlin
625 2516 713 2576 1961.
730 2518 847 2576 Textus
868 2516 928 2576 iste
946 2514 1042 2575 modo
1060 2516 1188 2577 brevior
1206 2518 1255 2577 est
1269 2520 1367 2579 modo
1387 2519 1528 2581 diffusus

194 2616 314 2694 magis;
326 2616 387 2676 alio
398 2632 526 2693 quoque
538 2614 650 2676 ordine
662 2612 855 2691 dispositus;
867 2611 994 2673 videtur
1005 2614 1112 2690 potius
1127 2630 1197 2673 esse
1213 2614 1352 2691 epitome
1369 2617 1527 2693 quaedam

194 2714 350 2774 adornata
370 2730 429 2791 pro
452 2713 590 2774 lectione
614 2712 646 2770 in
670 2709 721 2771 die
746 2710 827 2771 festo
850 2708 1060 2771 dedicationis
1085 2710 1207 2788 templi.
1232 2711 1381 2773 Nondum
1405 2719 1530 2775 constat

194 2811 278 2871 sitne
299 2814 406 2871 textus
425 2810 479 2871 hic
497 2807 717 2889 agnoscendus
737 2808 927 2886 desumptus
941 2825 959 2868 a
973 2823 1050 2869 vero
1071 2812 1103 2867 et
1123 2808 1267 2886 genuino
1285 2813 1372 2871 textu
1392 2810 1529 2873 hebraeo

194 2908 292 2969 buius
310 2908 383 2968 libri
405 2908 460 2985 qui
478 2907 557 2969 olim
580 2905 765 2977 exsistebat,
782 2922 821 2965 an
842 2906 885 2965 sit
904 2904 1011 2984 polius
1026 2906 1133 2966 versio
1157 2906 1235 2967 satis
1254 2907 1357 2968 libera
1375 2909 1427 2988 (11.
1449 2927 1529 2987 quae

195 3005 325 3084 scripsit
336 3004 392 3066 nr.
414 3004 516 3065 Vener
527 3004 560 3065 in
574 3003 684 3066 Theol.
700 3001 944 3075 Quartalschrilt
959 3004 1035 3065 1991
1052 3020 1084 3081 p.
1101 3004 1162 3064 690
1175 3003 1268 3084 seu).

647 3248 674 3305 9.
697 3242 741 3305 Dc
761 3242 884 3304 11111111
903 3242 1082 3304 rosunum.

244 3454 274 3515 1.
292 3451 412 3515 Textus
426 3469 571 3535 graecus
588 3445 691 3513 nobis¹
706 3451 860 3515 servatus
875 3451 926 3513 est
947 3445 983 3511 in
1006 3444 1124 3512 codice
1143 3444 1298 3514 sinaitico
1318 3453 1377 3533 (a),
1393 3450 1531 3519 alexan·

182 3548 298 3621 'drino
325 3555 375 3643 (Α)
396 3560 430 3621 11
448 3553 486 3619 in
504 3558 752 3620 veneto-marc.
770 3550 900 3618 saeculi
920 3556 941 3616 8
958 3550 1046 3617 velt)
1064 3550 1236 3640 (signatur
1250 3575 1285 3621 n.
1303 3553 1379 3644 23),
1396 3562 1534 3646 praeter

198 3662 264 3728 bos
282 3660 416 3728 codices
427 3660 577 3727 unciales
598 3659 769 3748 reperitur
788 3656 824 3723 in
839 3656 996 3745 pluribus
1022 3657 1220 3725 minusculis
1240 3659 1300 3749 qui
1319 3663 1473 3729 numeris
1491 3665 1534 3729 si-

198 3767 300 3855 gnari
321 3766 448 3849 solent,
477 3770 557 3833 sunt
584 3762 795 3854 praecipui:
821 3768 861 3829 19
881 3764 982 3853 (saec.
1007 3762 1075 3849 19),
1101 3768 1143 3829 51
1166 3763 1267 3852 (saec.
1296 3765 1368 3833 lere
1393 3768 1461 3855 10),
1490 3776 1532 3836 56

199 3874 300 3962 (saec.
323 3873 452 3961 19161
476 3872 670 3963 (saec.13);
695 3868 748 3937 vel
764 3870 955 3937 secundum
974 3875 1122 3937 aetatem
1145 3891 1266 3936 eorum
1288 3872 1530 3960 probabilem:

198 4002 239 4046 ex
262 4000 350 4047 socc.
371 3986 436 4047 10:
462 3986 513 4045 19.
537 3985 590 4045 11.
614 3984 668 4045 ot.
691 3984 766 4045 131.
787 3981 870 4059 2t3;
892 3998 932 4042 ex
952 3998 1040 4045 saec.
1060 3982 1101 4041 12
1120 3997 1128 4044 :
1147 3983 1201 4042 55.
1222 3982 1278 4081 ⁵⁶:
1299 3983 1357 4061 lt,
1380 4002 1421 4046 ex
1441 4002 1531 4049 saec.

199 4092 240 4153 13
265 4106 272 4150 :
301 4092 356 4151 62.
385 4092 443 4167 713
473 4108 512 4151 ex
537 4106 622 4151 saco.
652 4089 718 4151 lt:
744 4088 799 4151 93.
825 4088 898 4149 106.
928 4089 1003 4149 10¹1.
1026 4082 1240 4172 aequalitate
1260 4089 1371 4153 textus
1390 4086 1534 4156 iuter'sc

199 4192 336 4279 cognati
362 4197 440 4258 sunt
461 4212 468 4259 :
491 4198 529 4274 Α,
553 4198 607 4259 59.
631 4196 685 4258 56.
707 4194 786 4272 196;
808 4189 892 4256 item
908 4194 961 4256 19.
984 4195 1037 4256 61.
1056 4196 1099 4257 93
1121 4194 1156 4255 11
1173 4189 1284 4256 versio
1300 4212 1396 4279 syra3
1418 4199 1473 4262 13.
1491 4200 1533 4263 61

201 4300 257 4387 (cl.
283 4299 341 4365 Gr.
365 4296 452 4388 aa).
475 4296 743 4386 Descriptionem
760 4296 920 4363 codicum
939 4296 1107 4385 praebent
1129 4296 1264 4363 Holmes
1281 4304 1315 4364 et
1329 4300 1478 4367 Pcrsons
1497 4301 1533 4369 in

200 4411 369 4495 apparatu
385 4404 503 4472 critico
524 4414 609 4471 etex
624 4427 664 4470 eo
683 4405 739 4471 Gr.
759 4426 792 4491 p.
809 4407 938 4469 XXXll.
1001 4458 1004 4461 .

243 4516 363 4579 Textus
387 4532 532 4597 graecus
554 4515 714 4599 receptus
743 4510 913 4599 reperitur
936 4508 973 4575 in
994 4508 1147 4575 editione
1172 4510 1296 4577 sixtina
1321 4518 1419 4593 1587,
1444 4536 1534 4603 quae

200 4616 384 4707 praecipue
412 4616 581 4685 adornata
602 4621 651 4682 cst
675 4638 714 4683 ex
741 4615 856 4683 codice
879 4622 921 4683 23
945 4614 1075 4705 (codice
1103 4616 1238 4704 veneto)
1263 4621 1298 4681 et
1320 4617 1531 4691 minusculis.

142 4806 147 4817 ,
202 4722 374 4791 Editiones
396 4729 476 4791 sunt
500 4722 726 4791 :Valentinus
746 4721 848 4803 Loclz,
867 4726 967 4790 Vetus
988 4726 1242 4788 Testamentum
1263 4744 1386 4809 graece
1410 4726 1456 4815 (9.
1478 4728 1533 4796 ed.

204 4830 409 4898 itatisbonae
434 4836 532 4913 1886,
561 4853 595 4919 p.
619 4829 795 4918 882seq.),
825 4827 1280 4917 circumamictans.
1302 4850 1425 4918 graece
1446 4835 1532 4925 (1.2.

670 4955 855 4995 aaaasnaauna
872 4956 897 4995 rr
913 4956 990 4993 saca.
1007 4970 1038 4980 -
1053 4946 1068 4992 3
