3625 5367
267 312 325 380 150
794 320 822 380 1.
846 335 942 379 ulcr.
966 319 1068 388 8,1-“2.

267 475 459 550 extraneae,
476 469 627 558 prolecto
639 491 708 535 non
723 467 864 536 eaedem
878 490 1021 536 normae
1035 466 1201 557 applicari
1211 469 1371 556 poterant
1387 486 1475 553 quae
1491 483 1600 548 regno

268 576 353 644 luda
367 581 478 642 stante
494 575 667 642 valebant.
682 574 906 662 alienigenae
922 574 1191 643 dominabantur
1203 572 1285 650 illis,
1303 593 1368 661 ope
1383 570 1602 657 alienigena-

269 705 347 753 rum
364 705 399 749 se
414 688 574 771 poterant
591 681 784 748 subducere
795 681 943 749 iniustae
958 681 1128 748 vexationi
1144 684 1178 746 et
1192 678 1371 767 tyrannidi
1386 677 1601 764 alienigena·

268 813 358 857 rum.
375 794 491 878 Neque
512 793 602 855 recte
618 789 695 878 quis
710 788 835 855 dixerit
857 788 976 856 ludam
991 789 1060 854 tale
1077 808 1155 854 cum
1175 785 1336 854 Romanis
1357 783 1476 850 foedus
1495 805 1600 872 quae-

270 897 388 964 sivisse
407 895 449 962 ad
472 895 655 963 commoda
677 895 839 962 habenda
864 894 1085 985 «politica».
1114 894 1172 983 (H.
1201 893 1318 961 Weiss.
1342 915 1376 981 p.
1402 891 1492 979 tta).
1517 894 1601 956 Nam

270 1002 410 1072 libertas
424 1001 486 1068 illa
506 1023 611 1090 quam
629 1002 824 1092 appetebat,
842 1006 920 1068 utut
943 1007 1016 1068 erat
1030 1000 1175 1067 libertas
1195 999 1239 1066 ab
1256 997 1478 1089 oppressione
1498 1000 1602 1084 Syro·

269 1130 358 1192 rum,
376 1108 424 1174 ita
445 1108 585 1176 libertas
608 1108 736 1198 pariter
755 1112 828 1175 erat
845 1106 1021 1194 religiosa,
1042 1107 1183 1173 libertas
1204 1128 1242 1171 ac
1263 1105 1405 1171 facultas
1426 1101 1514 1189 legis
1541 1102 1603 1168 ob-

268 1215 467 1283 servandae.

313 1327 371 1389 Sat
385 1321 503 1390 multis
518 1323 700 1412 exponitur
722 1327 838 1402 8,1-16
859 1319 972 1410 qualis
987 1321 1080 1386 sama
1097 1318 1139 1385 (16
1151 1317 1325 1399 Romania
1343 1338 1463 1384 eorum
1479 1319 1602 1406 poten-

269 1427 318 1494 tia
342 1434 375 1494 et
399 1428 586 1518 aequitate,
609 1428 702 1517 apud
725 1427 894 1518 populum
917 1425 1168 1516 percrebuerit.
1192 1426 1289 1492 Hisce
1316 1428 1433 1492 auctor
1457 1422 1603 1490 demon-

270 1539 377 1601 strare
395 1533 545 1602 intendit
565 1534 683 1603 ludam
703 1534 826 1600 merito
846 1556 886 1600 ao
907 1555 970 1623 pro
990 1555 1052 1601 sua
1067 1554 1184 1599 rerum
1198 1531 1396 1618 cognitione
1414 1529 1603 1619 prudenter

269 1663 409 1730 quoque
435 1663 535 1731 opem
555 1645 790 1708 Romanorum
813 1640 1027 1731 implorasse,
1044 1661 1157 1728 neque
1177 1660 1256 1705 eum
1273 1659 1371 1728 posse
1391 1658 1463 1704 esse
1484 1656 1602 1726 repre-

271 1748 428 1815 hensioni
445 1748 644 1829 obnoxium,
662 1747 725 1815 etsi
744 1747 884 1815 tandem
907 1745 1110 1814 concidisset
1132 1745 1281 1812 maxima
1294 1743 1357 1810 illa
1373 1743 1416 1810 de
1440 1740 1603 1810 Romanis

270 1856 491 1944 exspectatio.
509 1894 552 1906 -
571 1854 710 1922 audivit
731 1855 847 1944 itaque
864 1853 964 1921 ludas
980 1875 1116 1936 nonren,
1134 1853 1262 1918 famam
1289 1855 1521 1919 Romanorum
1543 1849 1600 1938 (ci.

272 1961 365 2050 3,t1)
383 1965 417 2027 et
436 1959 520 2050 quid
537 1961 733 2028 rumoribus
750 1961 823 2027 istis
838 1981 993 2050 sparsum
1010 1967 1071 2042 est,
1093 1958 1204 2025 tribus
1218 1957 1417 2025 declaratur
1428 1956 1605 2024 sententiis

270 2090 302 2135 v.
321 2075 338 2135 1
358 2087 366 2135 ε
385 2075 464 2136 sunt
481 2074 636 2158 potentes
658 2067 801 2150 viribus,
823 2073 940 2134 δυνατοὶ
958 2069 1054 2154 ἰσχύες
1079 2064 1211 2132 aceedit
1229 2064 1271 2132 ad
1293 2065 1383 2131 hanc
1398 2062 1601 2152 potentiam,

270 2173 365 2264 quod
384 2181 550 2244 εὐδοκοῡσιν
569 2175 723 2241 favorem
743 2172 905 2240 exhibent
924 2171 1083 2239 omnibus
1103 2171 1213 2262 quise
1234 2172 1282 2237 eis
1301 2169 1534 2250 adiunxerint;
1555 2167 1606 2235 ita

270 2303 406 2368 graece,
423 2282 485 2370 qui
503 2302 622 2348 sensus
633 2280 736 2347 etiam
756 2279 793 2346 in
808 2284 840 2345 S.
858 2278 976 2346 sbene
996 2277 1217 2368 exprimitur;
1236 2278 1351 2345 minus
1369 2276 1406 2343 in
1419 2276 1511 2362 vulg.
1525 2297 1538 2354 ;·
1549 2275 1604 2342 in-

269 2409 372 2477 super
382 2410 452 2455 sese
472 2388 642 2478 praebent
661 2387 788 2453 amicos
800 2385 959 2452 omnibus
972 2385 1032 2474 qui
1045 2406 1101 2452 eos
1117 2385 1281 2465 adierint;
1300 2390 1334 2451 et
1349 2383 1464 2473 quanti
1482 2402 1602 2446 eorum

269 2495 420 2562 amicitia
444 2494 658 2562 aestimanda
679 2493 734 2575 sit,
764 2493 904 2561 effertur
928 2491 1134 2582 repetitione
1157 2511 1164 2558 :
1186 2504 1264 2558 sunt
1280 2501 1436 2581 potentes
1460 2486 1601 2554 viribus.

270 2602 365 2669 Tales
390 2603 519 2692 quippe
542 2600 657 2692 pingit
684 2604 857 2667 Romanos
880 2598 1068 2688 Scriptura,
1089 2599 1208 2688 quales
1233 2599 1336 2680 lama,
1364 2596 1414 2663 uti
1436 2617 1517 2662 vero
1540 2593 1606 2660 ali-

271 2715 402 2797 quanto
428 2709 539 2776 maior
562 2708 599 2774 in
632 2707 825 2798 prosperis,
851 2706 899 2772 ita
923 2707 959 2772 in
987 2705 1139 2772 adversis
1165 2703 1259 2771 modi
1284 2703 1415 2786 nescia,
1437 2700 1606 2769 ¹narrabat

160 2809 162 2812 ¹
274 2813 415 2902 (Calor.)
432 2820 466 2879 et
480 2817 565 2902 Lop.
582 2819 679 2880 notat
695 2834 702 2879 :
722 2835 808 2902 quae
822 2812 985 2901 deinceps
1001 2817 1198 2894 narrantur,
1217 2811 1308 2878 lama
1321 2816 1355 2876 et
1369 2808 1489 2876 auditu
1503 2808 1605 2874 fuisse

274 2920 407 3009 perlata
421 2919 465 2985 ad
475 2919 612 2999 ludam3
630 2908 710 2986 hinc
720 2925 836 2984 tamen
850 2940 922 2984 non
934 2917 1089 3007 sequitur
1101 2918 1217 2984 omnia
1232 2917 1293 2983 illa
1308 2937 1381 2984 esse
1395 2937 1487 2983 vera.
1503 2919 1607 2980 Fama

273 3025 365 3091 enim
378 3047 480 3114 saepe
501 3023 610 3090 maior
623 3031 674 3090 est
686 3024 829 3090 veritate
844 3046 884 3091 ac
902 3045 976 3090 rem
991 3045 1096 3112 supra
1110 3026 1289 3091 veritatem
1303 3022 1453 3109 adauget
1472 3021 1527 3087 vel
1546 3020 1607 3087 de-

271 3136 409 3219 torquet
432 3135 497 3198 616.
516 3134 672 3198 Ceterum
696 3137 730 3198 L.
749 3135 909 3198 Annaeus
933 3130 1050 3196 Florus
1065 3129 1109 3196 ad
1125 3132 1228 3196 finem
1249 3130 1331 3196 libri
1351 3127 1493 3196 secundi
1515 3128 1606 3194 hanc

272 3236 412 3307 laudem
434 3238 557 3304 tribuit
574 3236 736 3306 Romanis
758 3257 765 3302 :
787 3237 955 3304 hactenus
978 3237 1126 3326 populus
1148 3257 1311 3304 romanus
1331 3236 1489 3326 pulcher,
1508 3255 1607 3321 egre-

272 3344 363 3432 gius,
386 3345 472 3435 pius,
491 3350 628 3412 sanctus
646 3351 750 3434 atque
765 3343 970 3431 magnificus
986 3343 1087 3435 (Epit.
1106 3366 1221 3411 rerum
1234 3365 1319 3410 rom.
1336 3341 1443 3432 219).
1469 3347 1474 3358 '

319 3458 389 3518 lam
407 3451 557 3540 primum
579 3450 691 3518 illud:
714 3456 870 3540 potentes
887 3449 1029 3531 viribus,
1053 3450 1218 3539 exemplis
1242 3449 1438 3516 declaratur
1461 3472 1492 3515 v.
1508 3453 1604 3512 2-11.

275 3557 411 3626 Scilicet
435 3564 665 3624 narraverunt
684 3559 727 3637 ei,
750 3556 865 3638 tudae,
895 3554 986 3623 bella
1014 3579 1132 3623 eorum
1161 3561 1196 3622 et
1223 3577 1277 3623 res
1298 3555 1480 3646 praeclare
1495 3559 1607 3641 gestas

275 3672 304 3733 ἐν
320 3682 382 3746 τοῖς
400 3668 550 3745 Γαλάταις
565 3664 657 3754 apud
674 3665 820 3732 Galatas.
840 3662 984 3741 Quinam
999 3666 1137 3730 Galatae
1152 3661 1393 3749 intelligantur
1410 3660 1530 3751 quaeri
1545 3682 1607 3749 po-

275 3777 351 3866 test.
369 3771 507 3840 Galatae
527 3771 583 3838 vel
597 3771 714 3837 Keltae
726 3771 823 3838 Asiae
838 3768 982 3836 minoris
995 3768 1030 3834 in
1045 3769 1187 3854 regione
1201 3769 1350 3856 galatica
1365 3767 1491 3834 devicti
1510 3769 1609 3834 erant

275 3900 364 3946 anno
381 3885 443 3948 189
459 3901 491 3945 6.
508 3879 567 3945 Ch.
580 3901 643 3968 per
658 3881 716 3945 Cn.
733 3876 893 3944 Manlium
903 3875 1086 3942 Volsonem
1100 3875 1278 3942 consulem
1292 3876 1351 3966 (ol.
1364 3873 1477 3942 Livius
1489 3878 1604 3950 38,st

274 4007 347 4073 seq.
364 3992 406 4051 20
420 4007 490 4074 seq.
509 3985 578 4071 37).
596 3990 719 4050 Verum
730 4006 800 4050 non
815 3982 857 4050 de
871 3981 952 4066 illis,
968 3982 1028 4049 sed
1042 3982 1084 4048 de
1098 3982 1200 4049 Gallis
1214 4003 1407 4050 sermonem
1423 3982 1495 4048 fieri
1510 3980 1609 4047 cisal-

276 4089 376 4180 pinis,
394 4090 499 4171 italis,
521 4112 669 4178 quorum
689 4089 876 4156 bellacum
901 4091 1063 4156 Romanis
1077 4094 1173 4176 gesta
1190 4082 1227 4156 ct
1244 4090 1359 4156 clades
1376 4093 1409 4155 et
1423 4086 1608 4155 subiectio-

275 4217 354 4263 nem
388 4196 550 4284 Polybius
576 4195 737 4263 describit
763 4196 945 4284 (amat),
974 4195 1036 4262 alii
1068 4196 1190 4262 merito
1228 4196 1415 4285 opinantur
1449 4195 1510 4284 (ita
1545 4193 1606 4271 Th.

275 4309 477 4386 Mommscn3
500 4303 543 4371 cl.
559 4302 751 4396 Zeilschrilt
772 4304 797 4367 f.
815 4305 901 4370 wisa.
936 4302 1052 4370 Theol.
1080 4308 1164 4368 tart
1189 4326 1224 4393 p.
1245 4309 1327 4385 2313
1355 4301 1424 4391 K).
1450 4305 1532 4368 Nam
1555 4299 1606 4380 hi,

274 4434 346 4479 non
359 4417 474 4479 autem
491 4411 544 4478 illi
558 4411 593 4477 in
614 4410 692 4477 Asia
710 4409 854 4492 minore,
872 4407 1048 4476 tributarii
1066 4409 1148 4476 facti
1167 4415 1244 4476 sunt
1260 4432 1281 4475 a
1296 4408 1474 4490 Romanis;
1496 4407 1608 4474 nomi—

274 4525 494 4587 nanturante
508 4520 684 4608 Hispanos,
700 4517 738 4582 id
750 4515 844 4606 quod
860 4516 948 4582 bene
960 4515 1122 4602 congruit
1147 4515 1190 4582 de
1213 4516 1317 4584 Gallis
1342 4516 1450 4596 italis;
1469 4513 1607 4582 Galatae

275 4626 568 4694 commemorandi
582 4631 680 4693 erant
696 4631 772 4714 post
791 4625 973 4711 Hispanos3
992 4624 1132 4690 demum
1152 4624 1246 4690 tama
1260 4621 1303 4688 de
1318 4623 1419 4690 bellis
1435 4628 1607 4691 Romano-

274 4754 352 4798 rum
367 4755 446 4801 cum
459 4733 562 4801 Gallis
575 4730 774 4819 longissime
791 4732 827 4797 in
842 4729 1002 4816 regiones
1017 4729 1198 4796 orientales
1220 4729 1460 4818 spargebatur.
1477 4733 1609 4794 Nomen
