3625 5367
268 357 328 418 ma
583 318 587 324 ’
771 349 917 414 enecti.
941 343 1099 412 ism-is.

270 523 338 576 quae
365 508 470 567 habuit,
494 505 657 554 detinuimus
685 514 759 560 eum,·
785 499 826 551 ta.
850 507 873 548 et
920 497 965 553 λον
991 492 1115 572 ἀργυρίου
1140 491 1257 550 τάλαντα
1286 493 1380 548 ἑκατὸν
1406 490 1451 548 uui
1477 487 1522 546 δύο
1547 490 1600 545 τῶν

269 612 340 649 πνοι
364 599 438 646 mitte
460 595 567 658 arpenti
595 592 698 641 talenta
722 599 826 640 eentum
850 595 873 636 et
920 585 983 642 υἱῶν
1011 583 1092 640 αὐτοῦ
1117 579 1216 658 ὅμηρα,
1238 577 1309 645 ὅπως
1336 579 1374 655 μὴ
1401 577 1505 658 ἀφεθεὶς
1530 579 1596 634 oino-

270 688 334 737 duos
349 685 419 750 filios
434 685 491 732 eius
506 683 619 741 obsides,
636 688 734 729 utnon
749 679 874 728 dimissus
922 670 1043 748 στατήσῃ
1059 673 1103 751 ἀφ’
1118 672 1206 745 ἡμῶν,
1219 669 1264 726 καὶ
1280 667 1419 747 ἀφήσομεν
1435 665 1523 725 αὐτόν.

269 775 359 840 sapiat
389 789 405 822 o
437 773 524 832 nobis,
552 778 575 820 et
610 770 772 820 remittemus
804 781 872 816 euin.
962 761 1079 820 littei
1092 759 1159 837 iyvu
1172 756 1265 834 Σίμων
1278 757 1319 814 ὅτι
1331 755 1399 836 δόλῳ
1410 756 1520 815 λαλοῦσι
1532 754 1596 834 πρὸς

271 863 314 914 ll.
329 864 361 912 Et
387 864 509 925 topnorit
534 861 627 909 Simon
651 858 716 920 quia
737 871 794 907 eum
814 854 874 905 toto
921 848 1011 920 αὐτὸν,
1030 849 1075 907 uui
1097 848 1199 925 πέμπιι
1221 845 1250 904 τὸ
1273 845 1397 926 ἀργύριον
1417 844 1463 903 καὶ
1483 843 1516 902 τὰ
1536 866 1599 900 παι-

270 951 422 1014 loqueretur
436 963 530 1010 seeum,
543 949 623 998 iussit
642 955 730 996 tamen
746 948 811 994 dare
826 959 874 993 or·
921 938 1011 1014 δάρια,
1031 936 1134 1013 μήποτε
1150 935 1246 1016 ἐχθραν
1262 936 1313 1015 άρῃ
1330 935 1451 1012 μεγάλην
1470 935 1534 1010 πρὸς
1553 931 1597 990 τὸν

222 1044 224 1047 ’
267 1047 376 1104 pentum
400 1046 423 1088 et
446 1051 552 1103 pueros.
569 1051 602 1087 ne
624 1036 797 1086 inimicitiam
819 1047 873 1084 ma·
920 1027 995 1100 λαδν,
1014 1025 1142 1104 λέγοντες·
1161 1027 1208 1086 18.
1231 1023 1271 1082 ὅτι
1295 1024 1341 1082 οὐκ
1361 1023 1507 1082 ἀπέστειλα
1527 1023 1599 1098 αὐτῷ

266 1143 349 1193 unam
361 1135 473 1178 sumeret
489 1127 524 1176 od
540 1125 770 1191 poputumtsraet
785 1123 874 1186 dieen-
920 1115 950 1174 τὸ
969 1113 1093 1197 ἀργύριον
1118 1114 1163 1173 καὶ
1184 1111 1218 1171 τά
1239 1111 1370 1189 παιδάρια
1392 1109 1437 1170 καλ
1463 1109 1595 1170 άπάιλετο.

268 1225 318 1268 tem
338 1231 346 1266 .·
370 1217 413 1268 ld.
434 1217 502 1276 Quia
521 1230 576 1264 non
594 1215 669 1264 misit
688 1216 714 1262 ei
733 1218 874 1276 arpentum
922 1205 970 1266 19.
988 1205 1044 1264 Καὶ
1064 1202 1203 1262 ἀπέστειλε
1221 1199 1254 1258 τὰ
1268 1200 1397 1281 παιδάρια
1415 1199 1462 1258 καὶ
1481 1200 1514 1258 τά
1532 1203 1597 1256 ἑνια-

267 1313 292 1358 et
304 1319 410 1372 pueros,
426 1311 570 1370 propterea
587 1304 681 1368 periit.
697 1302 738 1352 to.
752 1303 785 1350 Et
800 1301 873 1349 misit
920 1293 964 1351 τὸν
985 1271 1113 1363 τάλαντα,
1129 1291 1175 1350 καλ
1195 1288 1354 1370 διεψεύσατο
1376 1291 1422 1348 καλ
1443 1290 1490 1346 οὐκ
1512 1289 1597 1367 άφῆιιε

265 1408 362 1460 pueros
388 1403 410 1442 et
435 1400 538 1443 eentum
563 1391 676 1451 talenta,
699 1397 722 1440 et
747 1391 873 1439 mentitus
920 1382 963 1441 τὸν
978 1381 1117 1442 Ἰωνάδαν.

266 1489 304 1533 est
319 1490 342 1532 et
356 1496 411 1531 uon
426 1482 529 1531 dimisit
543 1481 689 1530 Ionatham.

189 1557 205 1643 γ’
304 1571 351 1623 20.
369 1577 402 1620 Et
417 1577 477 1635 post
491 1571 555 1620 teneo
569 1570 643 1618 uenit
656 1568 783 1632 Tryphon
798 1569 873 1616 iutra
961 1562 1009 1620 20.
1033 1558 1087 1618 Kal
1112 1558 1180 1635 μιτδι
1209 1561 1292 1616 ταῦτα
1322 1547 1385 1626 lite
1413 1553 1526 1634 Τρύφων
1553 1559 1598 1614 τοῦ

267 1662 402 1724 senionem
423 1667 452 1710 ut
472 1666 617 1708 contereret
631 1672 699 1718 eam,
714 1665 738 1708 et
756 1669 872 1720 pyrate·
920 1647 1086 1725 ἐμὸατιῢσοιι
1096 1649 1132 1713 εἰς
1142 1645 1191 1716 τὴν
1201 1643 1293 1724 χώραν
1306 1645 1352 1702 καὶ
1366 1647 1488 1724 ἐκιρῖψαι
1501 1641 1598 1714 αὐτὴν,

267 1757 331 1801 runt
346 1763 396 1814 per
410 1751 484 1799 eiam
506 1761 573 1811 quae
588 1748 661 1798 ducit
680 1747 762 1806 Δᾶον,
784 1751 808 1793 et
828 1747 873 1794 Si·
920 1737 965 1794 καὶ
993 1737 1145 1795 ἐκύκλωσαν
1174 1733 1233 1792 ὁδὸν
1262 1736 1309 1804 τὴν
1341 1735 1376 1798 εἰς
1404 1732 1528 1811 Ἀδωρα,
1551 1735 1599 1790 καὶ

268 1852 330 1886 mon
349 1846 372 1887 et
394 1839 555 1887 eustracius
571 1835 747 1886 ambulabant
767 1836 798 1883 in
819 1848 871 1883 om·
921 1825 1015 1902 Σίμων
1034 1825 1079 1884 καὶ
1097 1827 1114 1894 ἡ
1135 1822 1294 1902 παριμὸολὴ
1315 1823 1395 1880 αὐτοῦ
1416 1824 1598 1900 ἀντιπαρῆγεν

265 1939 326 1974 ποια
353 1925 437 1975 laeum
461 1937 623 1987 quocumque
644 1924 730 1973 ibent.
754 1921 798 1972 at.
824 1924 873 1980 Oui
920 1916 992 1993 αὐτῷ
1006 1916 1042 1978 εἰς
1054 1911 1142 1971 πάντα
1156 1912 1237 1972 τύπον
1250 1903 1279 1970 ού
1293 1909 1324 1968 δν
1338 1909 1597 1989 ἐπορεύετο.Ξ1.οἱ

266 2022 355 2063 autem
374 2014 405 2063 tn
424 2026 484 2062 arce
499 2020 586 2071 erant,
604 2014 733 2061 miserunt
751 2013 786 2060 ad
804 2012 874 2072 rep·
921 2001 947 2059 δὲ
970 2004 999 2060 ἐκ
1021 2006 1068 2073 τῆς
1089 2001 1172 2080 ἄκρας
1193 2001 1355 2060 ἀπέστελλον
1377 1999 1440 2080 πρὸς
1459 1998 1607 2079 Τρύφωνα

265 2103 382 2168 phonem
416 2101 526 2164 leuatus,
549 2109 579 2149 ut
610 2100 752 2163 festinaret
782 2100 873 2148 uenire
920 2088 1085 2171 πρισὸιυτδς
1104 2089 1338 2154 κατασπεύδοντας
1359 2089 1497 2148 nitriensi
1512 2090 1596 2148 ἐλθιῖν

265 2204 315 2256 per
327 2192 458 2239 desertum
473 2197 497 2239 et
513 2191 628 2238 mitteret
641 2187 701 2238 iltis
715 2186 871 2237 alimonias.
920 2177 985 2257 πρὸς
1008 2177 1099 2246 αὐτούς
1122 2178 1164 2238 διδ
1186 2183 1232 2249 τῆς
1254 2177 1354 2256 ἐρήμου
1376 2177 1421 2236 καλ
1443 2179 1599 2236 ἀποστεῖλαι

267 2279 311 2329 it.
334 2280 365 2328 Et
387 2279 499 2344 paraett
527 2277 655 2342 Tryphon
678 2291 779 2326 omnem
801 2277 873 2338 equi·
921 2269 1009 2334 αὐτοῖς
1033 2267 1140 2349 τροφάς.
1163 2269 1213 2328 ⁹22.
1238 2267 1292 2326 Καὶ
1321 2268 1450 2342 ἡτοίμασι
1478 2265 1594 2345 Τρύφων

269 2375 363 2428 tatum,
380 2365 697 2425 utaeniretittanocte;
713 2371 874 2415 eratautem
920 2365 1009 2414 πᾶσαν
1037 2355 1084 2427 τὴν
1111 2354 1193 2415 ἵππον
1222 2359 1301 2414 αὐτοῦ
1328 2358 1421 2426 ἐλθεῖν,
1442 2355 1487 2414 καὶ
1510 2355 1536 2412 ἓν
1561 2358 1594 2432 τῇ

268 2459 317 2507 nia
331 2433 419 2507 instita
434 2455 512 2507 oatde
532 2462 557 2504 et
575 2469 631 2507 non
646 2457 752 2507 uenit...
770 2456 801 2503 in
820 2457 873 2504 Ga·
920 2446 995 2503 νυκτὶ
1014 2445 1099 2522 ἐκείνῃ
1121 2437 1153 2516 ἦν
1172 2443 1237 2524 χιὼν
1258 2444 1344 2514 πολλὴ
1365 2445 1466 2525 σφόδρα
1485 2443 1531 2502 καὶ
1549 2445 1596 2503 οὐκ
1690 2479 1695 2486 ·

270 2545 406 2596 laoditim.
429 2546 470 2596 23.
492 2545 525 2594 Et
547 2559 605 2595 eum
628 2545 874 2609 appropinquasset
920 2526 983 2606 ἦλθε
1000 2533 1044 2592 διά
1062 2533 1110 2606 τὴν
1128 2535 1215 2614 χιόνα,
1232 2531 1278 2591 καὶ
1298 2535 1384 2612 ἀπῆρε
1402 2535 1447 2592 καὶ
1464 2523 1542 2604 ἦλθεν
1562 2535 1600 2595 εἰς

268 2636 427 2695 Βυιοουιοιι,
442 2635 537 2684 oceidit
552 2634 689 2684 lonathon
699 2640 724 2682 et
733 2633 804 2697 filios
817 2633 874 2682 eius
921 2623 968 2694 τὴν
988 2624 1162 2684 Γαλααδῖτιν.
1182 2624 1230 2682 ⁹23.
1245 2620 1294 2688 Ὡς
1314 2623 1341 2680 δὲ
1360 2621 1454 2700 ἤγγισι
1473 2626 1505 2702 τῇ
1525 2624 1597 2680 Βαο-

268 2724 337 2775 stae.
353 2725 398 2774 tt.
414 2725 447 2773 Et
469 2723 598 2773 conuertit
615 2723 743 2788 Tryphon
761 2731 786 2772 et
806 2722 874 2771 abiit
921 2719 1008 2792 καμᾷ,
1039 2711 1177 2770 ἀπέκτεινε
1207 2710 1251 2769 τὸν
1282 2709 1410 2772 ’lautam
1440 2710 1485 2770 καὶ
1516 2709 1599 2788 ἐτάφη

269 2813 299 2860 in
315 2820 413 2861 terrum
428 2826 514 2862 suoru.
922 2801 985 2859 ἐκεῖ.
998 2803 1048 2861 24.
1062 2800 1117 2861 Καὶ
1131 2799 1275 2879 ἐπέστρεψε
1288 2799 1401 2880 Τρύφων
1417 2799 1462 2858 καὶ
1481 2800 1599 2870 ἀπῆλθεν

922 2891 958 2956 εἰς
971 2887 1020 2960 τὴν
1034 2893 1083 2966 γῆν
1097 2891 1188 2949 αὐτοῦ.

313 3035 459 3104 Nuntius
480 3036 610 3103 Simoni
633 3037 757 3103 allatus
785 3038 830 3124 (v.
857 3037 888 3125 1)
914 3037 1056 3104 veritate
1077 3039 1270 3121 nitebatur3
1294 3039 1457 3128 Tryphon
1478 3059 1600 3106 revera

268 3166 288 3211 a
310 3141 519 3210 Ptolemaide
545 3163 623 3210 oum
646 3141 797 3218 exercitu
823 3163 953 3229 magna
980 3165 1096 3211 versus
1119 3145 1277 3212 Iudaeam
1301 3145 1464 3224 discessit,
1484 3165 1599 3212 secum

269 3250 398 3317 ducens
417 3249 584 3316 Ionatham
602 3250 788 3339 captivum.
811 3249 928 3316 Simon
948 3249 980 3316 ei
1002 3250 1139 3318 obviam
1164 3252 1335 3341 profectus
1357 3260 1467 3319 eastra
1488 3252 1602 3342 posuit

269 3358 306 3426 in
320 3356 438 3424 Addus
451 3363 481 3424 ἐν
508 3356 635 3437 Ἀδίδοις
652 3358 709 3445 (et.
727 3357 839 3444 1238)
856 3378 976 3424 versus
987 3357 1179 3446 planitiem.
1196 3359 1356 3448 Tryphon
1371 3357 1492 3426 videns
1506 3380 1601 3426 exer-

270 3463 376 3531 eitum
398 3462 603 3532 ludaeorum
626 3470 786 3552 paratum
811 3467 846 3530 et
874 3463 1069 3553 expeditum
1096 3485 1168 3531 non
1191 3465 1294 3531 audet
1318 3466 1488 3554 proelium
1511 3485 1602 3531 eom-

270 3570 422 3650 mittere‚
446 3570 507 3636 sed
525 3569 630 3638 tutius
652 3581 768 3637 censet
791 3569 872 3637 dolo
896 3577 930 3636 et
954 3571 1142 3638 mendaciis
1167 3571 1228 3638 uti.
1251 3572 1483 3639 Nuntiandum
1505 3579 1603 3639 aurat

269 3676 410 3757 Simoni,
433 3677 602 3744 Ionathan
621 3676 747 3743 debere
768 3676 900 3743 aerario
917 3677 1014 3762 regio
1035 3677 1182 3745 multum
1204 3679 1370 3766 pecuniae
1393 3679 1438 3746 oh
1452 3695 1604 3746 'munera

271 3806 361 3873 quae
381 3785 553 3869 gessissem
573 3790 723 3865 pueritate
746 3782 804 3871 (et.
826 3783 968 3850 Tilaeh.
991 3783 1084 3871 3,13)
1106 3785 1235 3874 explica
1256 3785 1428 3852 aerarium
1445 3786 1600 3873 regium3

269 3907 370 3978 χρεῖαι
392 3911 548 3972 munera,
568 3890 692 3972 officia,
714 3895 788 3956 erat
809 3888 882 3956 seil.
907 3911 1061 3956 summus
1081 3891 1236 3957 sacerdos
1256 3896 1290 3958 et
1305 3891 1464 3982 princeps
1481 3914 1501 3958 a
1521 3913 1603 3978 rege

268 3996 444 4064 institutus
466 3997 523 4084 (ot.
550 4003 678 4084 11,57y.
699 4000 823 4063 Verum
849 4001 961 4063 totum
985 3995 1093 4063 hoca
1119 3998 1300 4086 Tryphone
1324 3998 1410 4065 falso
1435 3999 1600 4084 confingi,

271 4104 366 4189 patet
377 4122 416 4166 ex
428 4123 461 4166 ν.
479 4106 518 4166 17
535 4106 568 4167 et
582 4102 734 4168 exmodo
749 4101 875 4188 agendi
886 4102 1078 4192 Tryphonis
1096 4103 1152 4192 (oi.
1169 4109 1287 4188 12,t8;
1306 4106 1434 4192 tama).
1451 4104 1604 4172 Postulat

270 4212 407 4274 centum
431 4207 563 4274 talenta
586 4208 721 4294 argenti
745 4212 778 4274 et
800 4207 885 4274 duos
907 4208 996 4276 filios
1019 4211 1184 4278 Ionathae
1203 4216 1380 4300 tamquam
1402 4210 1542 4278 obsides
1560 4249 1604 4260 -

270 4314 353 4382 duos
370 4311 470 4396 lilios,
489 4317 521 4397 S,
542 4335 567 4397 s,
585 4314 685 4401 vulg;
704 4322 753 4382 δύο
768 4325 826 4383 τῶν
843 4324 910 4382 υἱῶν
927 4320 1014 4385 αὐτοῦ
1029 4315 1223 4384 -obsides
1240 4317 1340 4404 fingit
1355 4318 1544 4408 postulare,
1560 4339 1602 4384 ne

270 4422 428 4488 lonathns
442 4420 593 4488 libertati
610 4421 783 4489 restitutus
799 4425 986 4511 ἀποστατήσῃ
1000 4423 1051 4511 ἀφ’
1067 4435 1151 4508 ἡμῶν
1167 4422 1306 4491 deficiat
1320 4423 1463 4506 anobis,
1478 4424 1603 4492 nostris

270 4528 425 4618 partibus
442 4526 571 4596 relictis
591 4533 742 4597 transeat
755 4528 800 4596 ad
818 4529 1045 4598 adversarios.
1070 4530 1220 4598 Hominis
1234 4531 1403 4598 vafritiem
1424 4554 1463 4598 ao
1483 4531 1601 4599 dolum

267 4635 443 4726 perspexit
464 4633 605 4724 quidem
626 4635 757 4718 Simon;
782 4635 875 4703 misit
897 4643 1014 4704 tamen
1038 4642 1217 4724 argentum
1239 4643 1273 4704 et
1296 4659 1439 4728 pueros,
1461 4660 1506 4705 ne
1530 4657 1603 4703 mu-

269 4761 374 4826 gnam
396 4740 491 4829 apud
516 4741 683 4832 populum
706 4742 899 4811 incurreret
928 4741 1107 4812 invidiam.
1136 4743 1192 4811 Isti
1216 4742 1306 4812 enim
1334 4744 1470 4812 facilius
1495 4743 1599 4810 fidem
