3625 5367
679 366 717 411 ua
737 366 925 411 mauranus
946 366 1078 410 ALLATls.
1506 352 1545 411 25

212 504 415 570 renovatam
434 506 469 567 et
482 501 519 566 in
538 499 684 566 tabellas
702 499 861 589 publicas
880 500 1036 567 relatam.
1055 498 1219 585 Mirantur
1235 499 1343 588 aliqui
1362 501 1456 589 quod
1471 522 1542 566 non

212 613 432 699 apponantur
446 605 589 674 nomina
606 610 776 694 ἀρχόντων;
796 607 856 673 sed
872 629 952 697 cum
965 606 1033 695 ipsi
1052 606 1112 695 qui
1131 605 1277 673 aderant
1291 606 1401 694 legati
1419 607 1544 695 episto-

211 716 283 781 lam
302 714 488 803 perferant,
505 712 547 779 de
567 713 708 780 veritate
730 713 897 803 epistolae
919 735 988 779 non
1008 718 1145 802 poterat
1163 712 1309 779 dubium
1330 712 1414 779 oriri
1435 714 1545 780 tacitis

212 823 318 889 etiam
332 820 543 898 nominibus;
563 818 617 885 vel
635 818 728 886 dicas
746 820 783 885 in
801 818 958 909 exemplo
979 841 1048 908 quo
1069 820 1119 885 uti
1138 819 1250 908 potuit
1269 825 1388 886 auctor
1404 820 1545 885 nomina

211 950 282 994 non
301 927 410 994 fuisse
420 927 586 1017 apposita.
604 929 700 992 Certe
714 925 852 993 omissio
868 926 1048 992 nominum
1068 948 1140 993 non
1158 930 1272 1015 potest
1287 925 1405 993 afferri
1424 933 1545 992 contra

212 1036 393 1102 veritatem
413 1032 588 1123 epistolae.
1121 1114 1127 1130 ·

259 1145 505 1207 Documentum
524 1139 747 1205 inhonorem
766 1138 912 1205 Simonis
936 1142 1095 1219 nanta
1115 1138 1269 1228 positum
1291 1144 1340 1204 est
1358 1140 1396 1204 in
1414 1137 1544 1205 tabulis

212 1246 320 1313 aereis
334 1247 372 1313 in
388 1245 546 1336 peribolo
562 1250 759 1312 sanctorum
773 1244 811 1311 in
827 1245 901 1312 loco
918 1244 1048 1312 celebri
1062 1245 1213 1335 (tt,t8);
1231 1248 1266 1313 τὰ
1282 1253 1313 1312 δὲ
1330 1247 1493 1333 ἀντίγραφα
1507 1245 1543 1309 iu

211 1352 475 1441 gazophylacio,
492 1358 530 1418 ut
545 1349 673 1419 habeat
689 1352 808 1419 Simon
822 1355 856 1417 et
870 1350 933 1417 filii
949 1350 1022 1419 eius
1038 1351 1181 1441 (raam.
1203 1356 1312 1429 Quare
1329 1357 1435 1441 patet,
1453 1351 1544 1417 unde
1560 1408 1562 1412 ,

212 1465 334 1528 auctor
360 1458 452 1525 istud
481 1456 729 1525 documentum
758 1457 943 1548 acceperit.
961 1463 1006 1523 ‘ln
1035 1480 1076 1524 eo
1105 1456 1261 1525 ordinem
1286 1459 1451 1548 temporis
1473 1479 1545 1524 non

213 1572 373 1633 accurate
391 1564 550 1655 proponi,
568 1586 672 1654 supra
686 1565 757 1630 iam
778 1564 993 1631 declaratum
1010 1571 1108 1631 estet
1126 1564 1299 1631 immerito
1316 1570 1431 1632 movet
1447 1586 1487 1629 ex
1504 1586 1545 1630 eo

215 1674 274 1739 Gr.
293 1672 438 1738 dubium
454 1671 497 1737 dc
514 1670 658 1737 veritate
679 1670 829 1759 exempli
849 1670 1017 1760 rescripti.
1037 1674 1155 1737 Censet
1169 1675 1224 1738 Ka.
1251 1676 1351 1752 tt,2'l
1366 1693 1440 1759 seq.
1461 1691 1546 1758 opus

212 1800 283 1845 esse
306 1777 452 1844 alicuius
474 1778 619 1845 iunioris
639 1776 831 1866 scriptoriS,
857 1778 917 1866 qui
941 1776 1127 1843 discrimen
1150 1776 1240 1845 illud
1263 1800 1334 1844 non
1360 1776 1543 1843 curaverit.

214 1885 323 1951 Etiam
343 1887 401 1951 Ks.
423 1885 587 1973 supponit
600 1884 636 1950 in
654 1883 825 1950 eiusmodi
845 1888 1070 1949 monumento
1085 1905 1154 1949 non
1171 1905 1269 1974 posse
1287 1883 1465 1949 observari
1481 1881 1547 1948 nisi

215 1991 375 2057 ordinem
394 1992 570 2080 temporis

258 2097 404 2187 Reliqua
424 2120 495 2163 non
514 2096 644 2163 directe
664 2096 883 2163 affirmantur
901 2118 972 2163 esse
992 2096 1149 2187 exempla
1168 2097 1346 2186 rescripta.
1364 2101 1488 2164 Verum
1505 2095 1547 2161 de

212 2204 256 2270 iis
269 2226 407 2293 quoque
420 2209 597 2270 auctorem
611 2209 740 2270 certam
755 2203 916 2270 habuisse
930 2203 1086 2269 notitiam
1099 2208 1134 2270 et
1146 2204 1347 2290 cognovisse
1362 2223 1548 2290 argumen·
1588 2266 1591 2272 ,

213 2316 288 2377 tum
301 2309 521 2399 epistolarum
535 2309 675 2377 omnino
691 2310 894 2377 affirmatur.
911 2314 950 2375 Et
963 2316 1042 2392 5,10
1057 2315 1374 2377 commemorantur
1385 2315 1548 2397 γράμματα

213 2438 303 2505 quae
331 2414 503 2483 israelitae
529 2438 568 2481 ex
593 2416 720 2482 Galaad
752 2416 936 2498 miserunt;
973 2417 1138 2505 epistolae
1164 2416 1392 2503 legebantur3
1427 2436 1547 2483 earum

214 2527 460 2609 argumentum
474 2521 652 2589 inducitur
666 2522 816 2588 formula
827 2532 983 2609 λέγοντες,
1002 2528 1035 2589 et
1050 2530 1100 2589 est
1114 2524 1159 2590 ad
1174 2544 1291 2601 rerum
1312 2521 1547 2589 conditionem

214 2630 317 2718 plane
339 2634 459 2695 natum
485 2635 686 2719 aptumque.
709 2628 894 2717 Epistulam
916 2628 1097 2695 alexandri
1120 2635 1220 2709 10,18
1243 2650 1315 2694 non
1335 2627 1381 2693 ad
1402 2627 1547 2693 verbum

213 2736 349 2815 referri,
363 2734 423 2802 sed
438 2738 473 2802 in
485 2736 597 2801 forma
610 2734 774 2823 epistolae
790 2734 947 2801 exbiberi
961 2757 1047 2823 quae
1061 2757 1120 2801 rex
1130 2734 1359 2824 proposuerit,
1374 2731 1549 2800 indicatur

195 2840 382 2921 ,sententia
402 2841 465 2907 illa
486 2849 534 2909 aui
554 2844 728 2909 ἀπέστειλεν
748 2847 827 2929 αὐτῷ
850 2852 1002 2930 πορφύραν
1024 2849 1072 2922 καὶ
1095 2852 1235 2929 στέφανον
1252 2857 1381 2929 χρυσοῦν
1405 2839 1549 2928 quaein

214 2947 328 3014 media
352 2948 496 3037 epistola
517 2948 677 3014 occurrit.
704 2951 795 3025 Quae
819 2946 982 3015 dicuntur
1002 2946 1040 3014 in
1060 2947 1223 3038 epistola,
1247 2947 1386 3037 plenam
1410 2968 1492 3035 prae
1513 2967 1549 3011 se

215 3055 332 3121 ferunt
347 3054 538 3121 veritatem.
556 3053 705 3144 Epistola
725 3055 884 3121 Demetrii
901 3059 914 3121 l
929 3054 1105 3123 inducitur
1119 3055 1232 3121 verbis
1248 3062 1296 3123 rat
1309 3058 1482 3123 ἁπέπειλεν
1496 3058 1549 3120 αὑ-

215 3178 279 3241 ταῖς
298 3162 373 3229 κατὰ
397 3169 465 3241 τοὺς
486 3166 598 3247 liturae
620 3170 741 3241 τούτους
766 3166 865 3243 10,Ξὸ
890 3160 990 3251 (sicut
1013 3161 1098 3227 alibi
1120 3163 1300 3251 loquentes
1324 3160 1546 3237 inducuntur,

216 3288 365 3356 quorum
393 3267 499 3334 verba
524 3288 565 3332 ex
591 3266 768 3333 occasione
795 3289 914 3333 rerum
940 3273 974 3333 et
1004 3267 1160 3335 moribus
1182 3289 1303 3336 eorum
1334 3289 1355 3333 a
1382 3265 1548 3354 scriptore

216 3372 500 3463 componuntur);
519 3394 625 3461 quare
639 3372 769 3439 censeri
785 3378 896 3461 potest
916 3372 1054 3439 recitari
1070 3374 1262 3463 epistolam,
1280 3394 1349 3438 non
1364 3369 1545 3448 verbatim,

215 3478 275 3546 sed
287 3480 476 3547 secundum
489 3501 529 3546 ea
545 3500 634 3568 quae
654 3485 772 3545 auctor
785 3478 829 3544 de
849 3478 911 3545 illa
930 3485 1112 3568 acceperat
1126 3480 1184 3546 vel
1198 3477 1386 3545 traditione
1401 3478 1456 3543 vel
1471 3476 1549 3542 fon·

216 3585 308 3651 tibus
333 3584 481 3674 scriptis.
509 3585 734 3653 offenduntur
760 3584 868 3673 aliqui
893 3586 1029 3673 magnis
1056 3586 1189 3653 illisae
1214 3586 1331 3651 multis
1355 3583 1545 3673 promissis,

217 3714 305 3781 quae
329 3692 366 3758 in
389 3714 428 3759 ea
454 3692 596 3781 epistola
624 3693 859 3771 enuntiantur,
887 3713 966 3758 cum
994 3699 1197 3773 antea10,6
1222 3714 1332 3781 panca
1357 3690 1545 3757 obtulisset.

217 3802 343 3865 Verum
355 3804 490 3888 oportet
505 3797 696 3879 attendere,
710 3798 920 3864 Demetrium
933 3798 1004 3864 dici
1018 3805 1115 3882 1032
1127 3798 1298 3866 audivisse
1309 3818 1397 3886 quae
1407 3795 1548 3863 Alexan-

217 3904 279 3971 der
292 3905 493 3971 infavorem
503 3905 667 3971 louathae
677 3904 916 3994 praestitisset3
933 3904 1024 3971 unde
1033 3905 1107 3995 ipse
1121 3903 1206 3972 inid
1217 3904 1372 3971 animum
1385 3900 1546 3982 intendit,

218 4017 256 4077 ut
282 4010 538 4097 magnificentia
565 4018 598 4077 et
624 4010 834 4077 liberalitate
858 4017 892 4077 et
916 4012 1135 4079 multitudiue
1159 4012 1409 4101 promissorum
1438 4008 1551 4096 capiat

219 4118 330 4184 levem
349 4139 388 4184 ac
409 4116 607 4184 versatilem
629 4116 750 4208 populi
774 4116 945 4201 indolem;
966 4141 1074 4207 quare
1096 4119 1228 4208 populo
1253 4114 1455 4183 inscribitur
1475 4114 1547 4203 epi·

218 4223 316 4289 stola.
334 4223 435 4290 aliud
454 4230 504 4290 est
524 4223 764 4314 promiseritne
786 4222 929 4307 sincere,
954 4226 1007 4292 vel
1025 4226 1135 4291 solum
1154 4230 1193 4292 ut
1211 4225 1353 4291 obtento
1372 4222 1548 4312 proposito

217 4328 308 4396 nihil
326 4330 380 4395 vel
403 4353 514 4421 pauca
537 4334 736 4420 praestaret.
761 4329 914 4418 Epistola
934 4330 977 4397 ad
998 4331 1035 4397 id
1054 4331 1148 4421 quod
1170 4353 1210 4399 co
1231 4337 1387 4418 tempore
1411 4326 1550 4417 assequi

216 4434 372 4519 volebat,
402 4436 475 4503 scil.
503 4441 541 4503 ut
565 4436 732 4525 populum
761 4458 781 4501 a
807 4436 966 4523 partibus
994 4437 1177 4505 alexandri
1205 4438 1413 4515 retraheret,
1442 4454 1547 4522 quarn

218 4542 366 4609 maxime
381 4542 544 4629 congruit
558 4547 592 4607 et
606 4542 746 4630 insuper
761 4542 867 4609 multa
884 4544 1049 4625 continet,
1066 4544 1191 4634 quibus
1203 4544 1246 4611 de
1258 4541 1433 4610 exactione
1446 4538 1548 4604 vecti·

218 4647 351 4734 galium
375 4654 408 4715 et
435 4648 477 4715 de
504 4648 800 4715 administratione
832 4671 949 4716 rerum
977 4650 1176 4733 edocemur3
1205 4672 1311 4739 quare
1341 4670 1380 4715 eo
1410 4668 1547 4736 quoque

218 4754 358 4821 nomine
376 4756 503 4823 veritas
517 4754 681 4845 epistolae
696 4756 960 4823 commendatur
975 4779 1079 4846 quam
1099 4759 1258 4824 maxime.
