3625 5367
726 327 752 384 l.
778 342 869 388 ιιιω.
894 326 1048 399 taut-38.

507 570 554 624 lo.
575 565 720 626 Ionallcas
736 570 860 645 pupnal,
883 567 981 628 munit
999 569 1100 628 urbem
1122 572 1272 643 lidi-38.

263 759 350 818 l‘lstl.
368 761 400 809 llt
421 761 527 810 audiuit
549 765 679 813 tonatltas
702 767 829 826 quoniam

223 849 337 911 repressi
362 857 425 898 sunt
453 851 593 916 principes
616 854 743 902 Demetrii
772 869 829 902 cum

223 939 339 987 exercitu
362 938 446 987 ιιιιιίιο
469 952 554 1004 cupra
578 955 658 1004 quam
680 943 759 1006 prius
780 957 829 1006 pu·

223 1039 308 1088 qnare
337 1028 465 1076 adsersus
489 1041 557 1077 eum.
583 1031 625 1079 25.
648 1031 681 1079 Et
705 1030 770 1079 exiit
796 1031 829 1079 ab

222 1114 368 1164 Ierusalem
393 1123 417 1165 et
441 1119 557 1166 occurrit
581 1119 619 1166 eis
643 1119 673 1167 in
694 1120 829 1168 amathite

222 1205 344 1264 reyione3
368 1206 509 1254 nonenim
524 1207 635 1256 dederat
652 1207 691 1259 eit
709 1209 828 1272 spatium

223 1299 252 1340 nt
272 1293 478 1355 inprederentur
496 1296 632 1358 cepionem
652 1297 719 1345 eius.
736 1297 781 1347 26.
795 1297 828 1345 Et

224 1382 296 1429 arisit
319 1381 499 1446 speculatores
521 1385 552 1433 in
575 1392 664 1434 castra
686 1399 786 1446 earum,
803 1393 827 1433 et

222 1473 322 1518 reversi
337 1472 562 1522 renuntiaverunt
577 1474 646 1535 quod
661 1475 826 1523 constituunt

221 1561 394 1623 superuenire
415 1559 473 1609 illis
497 1569 581 1610 noete.
601 1562 645 1611 tt.
668 1563 732 1613 Cum
757 1564 827 1612 occi-

222 1649 302 1696 disset
315 1656 403 1698 autem
415 1650 464 1706 sol,
475 1652 613 1715 praecepit
626 1653 755 1701 tonatltas
770 1654 827 1700 suis

221 1735 338 1798 uinitori
351 1744 374 1786 et
387 1751 440 1786 esse
456 1739 487 1786 in
501 1740 585 1788 armis
598 1746 710 1803 paratos
725 1741 761 1789 ad
776 1754 826 1804 pu·

222 1839 303 1888 paam
323 1833 379 1874 tota
397 1833 481 1886 nocte,
498 1833 523 1874 et
539 1829 630 1892 posuit
646 1830 763 1878 eristodes
777 1843 828 1893 per

221 1915 361 1963 circuitum
385 1922 541 1965 castrorum.
560 1915 603 1967 28.
623 1918 655 1966 Et
681 1917 826 1967 audierunt

222 2004 376 2052 adversarii
402 2005 471 2065 quod
497 2012 612 2068 paratus
636 2014 674 2054 est
697 2007 826 2056 lonatltos

222 2105 281 2139 cum
298 2093 355 2140 suis
374 2094 405 2141 in
421 2093 498 2153 lello,
516 2101 539 2142 et
557 2095 704 2144 timuerunt
723 2103 747 2143 et
767 2096 826 2159 [or-

222 2181 391 2230 midaoerunt
408 2183 440 2230 ia
454 2183 530 2231 corde
548 2197 596 2231 suo
611 2190 635 2232 et
650 2185 826 2247 accenderunt

222 2269 293 2334 socos
313 2271 343 2318 in
364 2272 459 2319 castris
480 2272 547 2319 suis.
565 2272 608 2322 29.
628 2274 758 2322 lonatleos
779 2287 825 2322 ou-

222 2365 274 2406 tem
293 2365 317 2407 et
338 2360 384 2421 qui
409 2373 466 2407 cum
485 2373 514 2408 eo
533 2367 610 2410 erunt
629 2375 686 2411 non
702 2375 826 2424 copuooe·

222 2455 286 2496 runt
307 2461 390 2510 usque
408 2461 500 2506 mone,·
521 2449 648 2498 videbant
672 2457 760 2499 autem
782 2450 826 2498 lu-

222 2537 342 2584 minaria
369 2537 504 2586 ardentia.
531 2537 574 2587 30.
599 2539 631 2586 Ει
660 2545 762 2588 secutus
789 2544 825 2586 est

222 2638 265 2672 eos
284 2625 414 2674 tonotltos
432 2632 456 2674 et
475 2639 531 2675 non
550 2628 748 2690 comprehendit
767 2640 824 2686 eos;

222 2715 390 2763 transierant
405 2715 476 2763 enim
490 2715 589 2777 {lumen
602 2715 784 2765 Eleutherum.

258 2802 301 2851 31.
318 2803 351 2850 Et
372 2803 483 2852 divertit
503 2806 632 2854 louatltas
655 2806 690 2854 ad
709 2805 824 2864 titubas,

222 2891 270 2953 qui
285 2900 415 2941 cocuntur
433 2893 571 2942 Zaladaei
588 2900 612 2942 et
631 2895 764 2959 percussit
783 2908 825 2942 eos

221 2986 246 3028 et
260 2982 360 3044 aceepit
375 2981 465 3044 spolia
477 2995 575 3031 eorum.
593 2982 637 3032 32.
651 2984 683 3031 Ει
699 2984 788 3032 iunait
801 2990 824 3032 et

224 3070 295 3117 canit
318 3069 475 3119 Damascum
498 3078 522 3120 et
544 3071 750 3135 perambulabat
768 3087 825 3122 om-

221 3170 282 3206 nem
301 3161 436 3220 cepionem
455 3158 543 3209 illam.
561 3160 604 3211 33.
625 3163 718 3210 Simon
737 3169 826 3210 autem

222 3247 288 3294 exiit
303 3253 327 3294 et
342 3250 415 3296 venit
428 3262 509 3310 usque
527 3250 561 3298 od
579 3249 735 3298 Ascalonem
751 3257 775 3298 et
791 3252 825 3298 od

221 3336 345 3398 proxima
356 3338 507 3400 praesidio,
522 3344 546 3385 et
558 3337 705 3402 declinarit
718 3339 748 3386 in
762 3343 824 3401 top·

221 3438 283 3488 pen,
309 3431 333 3473 et
361 3427 499 3488 oocttpacit
528 3440 599 3485 eam;
631 3425 675 3478 ut.
708 3425 824 3490 (audiuit

222 3514 293 3561 enim
316 3515 386 3575 quod
404 3513 502 3563 uellent
527 3516 695 3579 praesidium
720 3515 825 3564 tradere

221 3602 346 3665 partibus
372 3600 520 3667 Demetrii),
540 3611 563 3653 et
589 3605 678 3668 posuit
706 3604 746 3652 ibi
769 3618 825 3653 cus·

223 3691 303 3749 todes,
318 3699 347 3740 ut
362 3672 524 3741 etestodirent
539 3707 606 3743 eam.

259 3779 303 3829 35.
319 3781 352 3830 lit
371 3794 491 3831 reversus
510 3787 547 3831 est
567 3783 696 3832 tonatltas
716 3791 740 3831 et
763 3797 826 3832 con·

225 3871 326 3922 rorarii
341 3872 458 3919 seniores
473 3871 570 3935 populi
587 3880 611 3920 et
626 3873 754 3935 copitarit
769 3886 827 3920 aum

223 3959 261 4005 eis
275 3959 415 4021 aedificare
424 3961 565 4023 praesidia
577 3962 609 4009 in
621 3962 731 4018 Iudaea,
745 3961 789 4010 36.
802 3966 825 4008 et

224 4047 364 4110 aedificare
384 4061 474 4098 ιιιιιτοτ
494 4051 524 4098 in
543 4049 688 4099 Ierusalem
708 4057 730 4098 et
751 4049 827 4098 ecol-

224 4142 281 4182 tare
313 4136 485 4186 altitudinem
515 4153 642 4201 mapnom
671 4140 743 4187 inter
774 4153 827 4186 me·

224 4224 299 4272 dium
326 4226 396 4274 arcis
424 4235 449 4275 et
477 4228 606 4286 ciuitatis,
634 4235 662 4277 ut
687 4236 827 4291 separaret

224 4326 281 4361 eam
303 4328 319 4362 o
342 4315 460 4375 ciuitate,
477 4322 507 4363 ut
530 4322 595 4364 essct
620 4318 680 4380 ipso
702 4317 827 4378 simpulo-

223 4402 291 4450 riter
314 4409 338 4450 et
366 4417 450 4465 neque
478 4411 566 4453 emant
587 4417 671 4467 neque
697 4406 825 4454 cendant.

225 4489 267 4538 ot.
284 4491 317 4538 Et
336 4499 514 4541 convenerunt
538 4500 566 4541 ιιι
591 4493 763 4556 aedificarent
788 4494 828 4541 ei·

225 4580 348 4639 critatem·
380 4589 404 4630 et
439 4582 533 4630 cecidit
568 4595 659 4630 ruurus
691 4583 737 4644 qui
770 4590 828 4630 erat

224 4681 304 4731 super
319 4675 462 4719 torrentem
477 4671 509 4719 ab
526 4677 586 4720 ortu
601 4670 666 4719 solis
677 4678 700 4719 et
713 4685 827 4734 repara·

166 4739 169 4741 “
224 4757 262 4805 eit
282 4771 339 4806 eum
355 4761 403 4822 qui
417 4766 527 4809 vocatur
543 4760 716 4824 Cophetetlta.
734 4759 778 4810 ³8.
795 4761 827 4809 Et

919 756 1018 823 1224.
1043 754 1098 813 Καὶ
1127 755 1239 826 ἤκουσεν
1264 753 1390 816 Ἰωνοίθαν
1424 757 1463 814 ὅτι
1491 756 1556 814 ἐπέ-

876 847 995 923 στρεψαν
1019 845 1042 900 οἱ
1067 843 1193 922 ἄρχοντες
1213 846 1368 922 Δημητρίου
1392 845 1460 920 μετὰ
1482 846 1558 904 δυναί-

876 954 946 1004 μεως
960 934 1060 1002 πολλῆς
1075 931 1142 1011 ὑπὲρ
1157 935 1187 990 τὸ
1202 935 1328 1012 πρότερον
1343 939 1388 991 τοῦ
1403 937 1555 1010 πολεμῆσαι

875 1018 939 1098 πρὸς
958 1019 1046 1080 αὐτόν,
1067 1022 1115 1079 25.
1137 1024 1188 1080 {tot
1209 1025 1310 1102 ἀπῆρεν
1329 1021 1356 1090 ἐξ
1375 1020 1553 1102 Ἰερουσαλὴμ

874 1109 921 1166 καὶ
932 1109 1084 1180 ἀπήντησεν
1095 1111 1181 1184 αὐτοῖς
1193 1113 1229 1176 είς
1240 1108 1288 1182 τὴν
1298 1109 1438 1187 Ἀμαθῖτιν
1448 1110 1550 1190 χώραν·

874 1199 902 1253 ού
918 1195 968 1273 γὰρ
984 1197 1080 1256 ἔδωκεν
1100 1200 1189 1264 αὐτοῖς
1208 1199 1305 1278 ἀνοχὴν
1325 1205 1371 1258 τοῦ
1389 1198 1552 1276 ε’μύατεῦσαι

874 1287 910 1352 είς
922 1285 970 1356 τὴν
981 1286 1071 1366 χώραν
1084 1288 1174 1347 αὐτοῦ.
1186 1288 1236 1348 26.
1249 1288 1301 1348 Καὶ
1314 1287 1454 1348 ἀπίστειλε
1468 1311 1550 1346 κατα-

873 1375 988 1442 σκόπους
1005 1377 1041 1442 εἰς
1059 1373 1103 1444 τὴν
1122 1375 1295 1456 παρεμύολὴν
1311 1379 1408 1452 αὐτῶν,
1422 1377 1468 1435 καί
1480 1376 1548 1435 ἀπέ-

873 1466 989 1542 στρεψαν
1004 1465 1049 1521 καὶ
1065 1462 1230 1542 ἀπήγγειλαν
1245 1468 1318 1544 αὐτῷ
1335 1465 1374 1524 ὅτι
1388 1465 1469 1531 ούτως
1484 1465 1550 1524 τοίσ-

873 1574 964 1611 σονται
975 1556 1109 1612 ἐπιπεσεῖν
1121 1555 1163 1611 ἐπ’
1175 1553 1268 1619 αὐτούς
1278 1553 1326 1624 τὴν
1338 1553 1431 1614 νύκτα.
1442 1557 1490 1614 27.
1504 1554 1549 1620 Ὡς

873 1639 900 1697 δέ
921 1640 965 1698 ἔδυ
986 1643 1000 1698 ὁ
1021 1640 1105 1713 ἥλιος,
1122 1641 1247 1710 ἐπέταξεν
1261 1643 1391 1704 Ἰωνιίθαν
1410 1650 1463 1709 τοῖς
1487 1643 1550 1722 παρ’

873 1730 953 1788 αὐτοῦ
982 1730 1120 1809 γρηγορεῖν
1148 1731 1194 1790 καί
1223 1721 1289 1790 εἶναι
1313 1730 1357 1790 ἐπὶ
1379 1739 1432 1798 τοῖς
1459 1731 1549 1798 θιτλοις

873 1819 1056 1894 ἑτοιμάζεσθαι
1073 1820 1109 1886 εἷς
1127 1821 1242 1896 πόλεμον
1259 1822 1292 1878 δι’
1306 1819 1368 1890 ὅλης
1383 1823 1430 1890 τῆς
1445 1820 1548 1893 νυκτὸς,

872 1906 918 1964 καὶ
943 1905 1050 1974 ἐέίύαλε
1071 1909 1244 1990 προφύλακας
1268 1908 1358 1987 κύκλῳ
1379 1913 1425 1976 τῆς
1445 1931 1550 1992 παρεμ-

873 1993 963 2067 ύολῆς.
974 1997 1023 2056 28.
1038 1995 1089 2056 Καὶ
1103 1995 1221 2068 ἥκουσαν
1235 2000 1258 2056 ol
1268 1998 1417 2056 ὑπεναντίοι
1427 1995 1467 2055 ὅτι
1477 1997 1551 2069 ἡτοί-

873 2107 974 2160 μασται
983 2083 1109 2144 Ἰωνάθαν
1120 2085 1165 2144 καί
1173 2088 1197 2143 ol
1207 2089 1272 2164 παρ’
1282 2087 1361 2145 αὐτοῦ
1378 2089 1413 2152 είς
1423 2087 1549 2160 πόλεμον,
1570 2125 1573 2132 -

871 2173 918 2230 καί
930 2173 1098 2252 ίρούήθησαν
1111 2175 1155 2233 καὶ
1168 2174 1281 2246 ἔπτηξαν
1294 2180 1327 2255 τῇ
1340 2174 1435 2254 καρδίᾳ
1453 2177 1548 2243 αὐτῶν,

871 2261 917 2318 καὶ
932 2262 1080 2320 ἀνέκαυσαν
1095 2264 1178 2342 πυρὰς
1199 2265 1226 2320 ἐν
1241 2269 1273 2341 τῇ
1291 2263 1448 2342 παρεμύολῇ
1464 2266 1550 2322 αὐτῶν

872 2349 917 2407 καὶ
940 2350 1124 2431 ἀνεχώρησαν.
1137 2355 1186 2412 29.
1201 2351 1326 2413 Ὶωνοίθαν
1342 2351 1368 2411 δέ
1389 2353 1433 2412 καί
1447 2355 1471 2411 οἱ
1486 2357 1549 2430 παρ’

872 2440 952 2496 αὐτοῦ
968 2442 1015 2497 οὐκ
1034 2439 1150 2516 ἔγνωσαν
1166 2439 1214 2506 ἕως
1227 2441 1307 2518 πρωΐ,
1319 2440 1431 2500 ἔύλεπον
1448 2440 1498 2521 γὰρ
1518 2443 1549 2498 τὰ

872 2529 947 2604 pisse
967 2527 1104 2605 καιόμενα.
1121 2531 1170 2587 30.
1186 2529 1240 2588 Καὶ
1252 2521 1407 2599 κατεδίωξεν
1422 2530 1548 2591 Ἰωνοίθαν

871 2617 957 2674 ὀπίσω
972 2619 1057 2674 αὐτῶν
1076 2617 1164 2674 καίού
1179 2616 1325 2676 κατέλαύεν
1341 2617 1445 2689 αὐτοὺς,
1456 2617 1548 2689 διέθη-

872 2727 921 2761 σαν
939 2704 989 2784 γὰρ
1006 2705 1049 2763 τὸν
1065 2705 1219 2785 Ἐλεύθερον
1234 2707 1367 2784 ποταμόν.

912 2795 961 2853 31.
980 2794 1034 2854 Καὶ
1050 2793 1176 2862 ἐξέκλινεν
1192 2795 1318 2855 'lc-uites
1334 2795 1378 2854 ἐπί
1393 2795 1452 2862 τοὺς
1465 2794 1548 2876 Ἄρα·

872 2880 921 2946 ia<
941 2881 999 2948 τοὺς
1023 2883 1200 2960 καλουμένους
1221 2884 1390 2952 Ζαύαδαίους
1414 2885 1460 2944 καὶ
1481 2887 1548 2945 ἐποί-

871 2969 947 3038 ταξιν
976 2971 1069 3038 αὐτούς
1093 2972 1138 3031 καί
1167 2974 1247 3033 ἔλαθε
1276 2973 1311 3032 sl
1339 2976 1423 3032 σκῦλα
1449 2977 1546 3034 αὐτῶν.

872 3062 922 3120 32.
940 3062 994 3121 Καὶ
1015 3062 1157 3130 ἀναζεύξας
1178 3055 1255 3134 ἦλθεν
1276 3067 1311 3130 είς
1333 3066 1478 3139 Δαμασκὸν
1505 3064 1548 3122 καί

871 3149 1141 3228 &sollemnissime
1159 3157 1191 3229 τῇ
1207 3152 1295 3230 χώρα.
1312 3155 1360 3212 33.
1380 3155 1433 3212 Καὶ
1455 3153 1548 3228 Σίμων

871 3237 963 3308 ἐξῆλθε
981 3239 1027 3296 καὶ
1045 3238 1184 3297 θιώδευσεν
1199 3241 1248 3304 ἕως
1265 3239 1429 3306 ’,ισκάλωνος
1447 3244 1493 3298 καί
1511 3241 1546 3298 τὰ

872 3325 983 3396 πλησίον
1003 3326 1166 3404 ὀχυρώματα
1182 3329 1228 3385 καὶ
1243 3327 1369 3395 ἐξέκλινεν
1385 3332 1421 3394 είς
1436 3327 1547 3399 Ἰόππην

872 3413 917 3472 καὶ
931 3413 1148 3494 προκατελᾶύετο
1163 3415 1255 3486 αὐτήν·
1268 3419 1318 3476 3¹1.
1332 3415 1428 3487 ἤκουσε
1443 3416 1493 3495 γάρ
1508 3416 1547 3474 ὅτι

873 3503 1012 3578 βούλονται
1028 3502 1059 3561 τὸ
1075 3504 1205 3584 ὀχύρωμα
1220 3505 1383 3582 παραδοῦναι
1401 3505 1454 3572 τοῖς
1473 3506 1546 3584 παρὰ

872 3591 1036 3671 Δημητρίου,
1065 3593 1110 3650 καί
1144 3593 1216 3651 ἔθετο
1249 3595 1304 3651 ἐκεῖ
1334 3593 1448 3674 ρρουρθιν
1474 3594 1545 3659 ὅπως

871 3681 1041 3759 ρυλάσσωσιν
1056 3681 1146 3752 αὐτήν.

912 3772 961 3830 33.
979 3770 1034 3829 Καὶ
1049 3770 1207 3851 ἐπέστρεψεν
1224 3768 1348 3831 ’lusidius
1363 3769 1410 3828 καί
1425 3770 1547 3840 ἐξεκκλη-

873 3859 948 3917 σίασε
968 3857 1027 3926 τοὺς
1047 3858 1238 3938 πρεσόυτέρους
1257 3864 1302 3918 τοῦ
1321 3861 1385 3918 λαοῦ
1406 3859 1451 3918 καί
1470 3859 1547 3918 ἐύου-

872 3947 984 4006 λεύσατο
1006 3949 1063 4025 μετ’
1083 3951 1169 4007 αὐτῶν
1189 3955 1235 4007 τοῦ
1255 3950 1428 4024 οἰκοδομῆσαι
1448 3949 1550 4028 ὀχυριίι-
1626 3953 1627 3958 ’

874 4061 946 4112 ματα
968 4039 994 4095 ἐν
1013 4041 1045 4116 τῇ
1061 4037 1189 4116 Ἰουδαίᾳ,
1203 4041 1252 4099 36.
1267 4039 1311 4097 καὶ
1329 4041 1500 4121 προςυψῶσαι
1517 4039 1550 4096 τὰ

872 4126 950 4206 τείχη
961 4125 1139 4206 Ἰερουσαλὴμ
1152 4128 1199 4186 καί
1210 4131 1314 4209 ὑψῶσαι
1329 4129 1392 4209 ύψος
1406 4129 1473 4204 μίγα
1490 4133 1553 4186 ἀνα-

874 4215 954 4292 μέσον
973 4221 1020 4288 τῆς
1039 4217 1122 4297 ἄκρας
1146 4218 1192 4275 καί
1213 4223 1259 4286 τῆς
1280 4218 1380 4284 πόλεως
1399 4219 1434 4283 εἰς
1452 4217 1482 4274 τὸ
1501 4219 1553 4273 δια-

873 4305 995 4386 χωρίζειν
1015 4307 1098 4376 αὐτὴν
1112 4309 1159 4375 τῆς
1177 4305 1290 4378 πόλεως,
1304 4305 1346 4364 ἵνα
1362 4311 1378 4380 ᾐ
1394 4304 1462 4375 αὕτη
1483 4303 1552 4362 κατὰ

875 4395 956 4468 μόνας
980 4393 1049 4460 ὅπως
1073 4394 1140 4468 μήτε
1168 4395 1315 4472 ἀγοράζωσι
1342 4393 1410 4466 μήτε
1435 4394 1552 4451 πωλῶσι.

875 4485 924 4543 37,
937 4481 990 4542 Καὶ
1002 4482 1172 4561 συνήχθησαν
1185 4487 1230 4541 τοῦ
1242 4483 1389 4558 οἰκοδομεῖν
1401 4479 1449 4551 τὴν
1461 4483 1549 4544 πόλιν,

875 4571 921 4628 καί
945 4570 1036 4630 ἔπεσεν
1061 4576 1106 4628 τοῦ
1132 4571 1234 4649 τείχους
1262 4575 1308 4628 τοῦ
1336 4570 1482 4650 χειμάρρου
1504 4575 1551 4628 τοῦ

875 4661 900 4726 ἐξ
915 4661 1081 4734 ἀπηλιιύτου,
1095 4659 1140 4717 καί
1154 4658 1329 4719 ἐπεσκεύασεν
1347 4659 1375 4716 τὸ
1390 4661 1552 4736 καλούμενον

876 4747 1034 4828 Χαρεναθοί.
1063 4751 1111 4808 38.
1139 4749 1192 4808 Καὶ
1213 4748 1304 4826 Σίμων
1327 4745 1481 4830 ᾠκοδόμησε
1502 4748 1550 4820 τὴν
