3625 5367
735 384 762 441 1.
787 398 877 443 usco.
901 383 983 455 3,38.

266 548 291 591 et
305 541 359 606 filii
370 539 589 602 alieniaeaarum
602 543 678 586 erant
689 539 720 585 im
730 550 801 598 aree,
929 532 975 590 καὶ
989 532 1040 591 νἰοὶ
1055 533 1202 608 ἀλλογενῶν
1216 535 1242 592 ἐν
1257 537 1289 612 τῇ
1305 531 1385 613 ἄκρα,

303 631 343 680 ibi
357 636 416 679 erat
430 628 563 678 habitatio
578 628 707 690 aeutium,
970 621 1114 696 κατάλυμα
1128 629 1181 688 τοῖς
1194 621 1303 681 ἔθνεσιν·

267 727 291 768 et
311 718 406 768 allata
421 724 458 767 esl
474 715 598 780 uoluptas
613 730 630 764 a
646 714 733 776 Iacob,
930 709 976 767 καλ
990 709 1085 789 ἐξήρθη
1100 709 1188 792 τέρψις
1199 709 1225 780 ἐξ
1237 709 1346 782 Ἰακώό,

270 817 294 858 et
314 808 409 872 deserit
423 807 462 856 ibi
478 806 547 855 tibia
560 812 584 855 et
599 806 714 854 eithara.
835 845 842 856 .
929 799 975 857 καὶ
989 798 1106 867 ἐξέλιπεν
1122 797 1200 866 αθλδς
1214 799 1258 857 καλ
1271 800 1374 879 κινύρα.

236 983 803 1048 56.Ειεοπςναρσιίνινιιιεισεκετυηιιἰι
891 979 941 1037 46,
974 977 1029 1035 Καὶ
1055 977 1224 1056 συνήχθησαν
1262 979 1307 1035 καὶ
1344 979 1461 1049 ἤλθοααν
1489 980 1526 1046 εἰς

201 1073 314 1138 Hospita
339 1080 433 1122 eontra
462 1072 616 1132 Ierusalem,
640 1073 706 1134 quia
730 1071 802 1120 locus
849 1066 987 1145 Μαασηορδι
1012 1064 1151 1123 κατέναντι
1176 1063 1364 1144 Ἰερουσαλὴμ,
1386 1064 1426 1122 δτι
1447 1067 1526 1134 τόπος

200 1164 334 1214 oratiomis
357 1168 415 1211 erat
437 1163 468 1211 ia
488 1163 600 1225 llaspha
624 1167 686 1210 aute
709 1162 740 1209 iu
761 1161 803 1209 ls-
847 1159 994 1234 πρσςευχῆς
1013 1147 1044 1225 ἧν
1069 1157 1095 1212 ἐν
1119 1154 1262 1234 Μασσηρά
1285 1152 1315 1212 τθ
1338 1154 1464 1233 πρότερον
1487 1159 1525 1234 τῷ

200 1251 272 1312 rael,·
292 1249 802 1301 ll.etieiurtaoeruutilladieelim·
849 1242 970 1323 Ἰσραήλ.
1007 1246 1055 1304 ll.
1088 1241 1143 1303 Καὶ
1176 1242 1336 1312 ἀνήστευσαν
1370 1247 1403 1317 τῆ
1436 1242 1524 1322 ἡμέρα

199 1342 315 1390 dueruat
333 1355 360 1388 se
379 1339 477 1388 ciliciis
497 1345 522 1388 el
539 1340 654 1388 cinerem
668 1341 802 1403 imposue-
847 1333 934 1412 έκείνῃ
953 1331 998 1391 καὶ
1022 1330 1212 1412 περιεόάλοντο
1231 1330 1344 1398 σάκκους
1364 1331 1409 1390 καὶ
1429 1333 1525 1391 σποδὸν

200 1436 262 1480 ruat
277 1430 362 1492 capiti
373 1443 421 1478 suo
433 1436 457 1477 et
467 1428 633 1478 disciderunt
646 1428 801 1477 uestimenta
847 1420 892 1480 ἐπὶ
920 1421 968 1486 τδις
990 1421 1107 1496 κεφαλάς
1141 1423 1228 1478 αὐτῶν
1257 1420 1301 1478 καὶ
1329 1419 1465 1500 διέρρηξαν
1492 1420 1525 1478 τόν

199 1531 262 1579 ναα;
287 1517 329 1568 48.
353 1524 377 1566 et
402 1517 588 1581 expanderunt
616 1516 700 1565 libror
724 1515 799 1579 leals,
846 1510 943 1586 ἱμάτια
958 1511 1057 1569 αὐτῶν·
1074 1512 1124 1570 48,
1141 1508 1187 1567 καὶ
1202 1507 1362 1578 έξεπέτασαν
1377 1509 1407 1567 τὸ
1423 1509 1525 1587 βιόλίον

198 1608 228 1656 de
253 1607 350 1669 quibus
373 1606 565 1656 scrutabamur
590 1611 680 1668 aeriter
705 1604 801 1655 simili·
848 1605 892 1658 τοῦ
913 1599 993 1677 νόμον
1018 1598 1079 1677 περὶ
1103 1588 1138 1656 ὧν
1163 1595 1308 1677 ἐξηρεύνων
1335 1597 1368 1658 τθ
1396 1597 1455 1667 ἔθνη
1478 1602 1526 1658 τοῦ

199 1697 317 1745 tudinem
336 1694 542 1744 simulacrorum
564 1707 689 1753 suorum,·
713 1693 756 1744 lu.
778 1701 801 1742 et
847 1687 1002 1767 ἐπιγράφειν
1023 1687 1065 1744 ἐπ’
1088 1689 1175 1745 αὐτῶν
1196 1688 1230 1744 τὰ
1252 1686 1409 1762 ὁμοιώματα
1424 1690 1476 1744 τῶν
1490 1691 1525 1745 εἰ·

200 1783 350 1833 attulerunt
381 1790 539 1832 ornamenta
566 1782 747 1833 sacerdotalia
777 1789 802 1830 el
846 1773 938 1834 δώλων
955 1777 1051 1835 αὐτῶν·
1069 1780 1120 1836 49.
1136 1774 1185 1834 καὶ
1198 1775 1313 1853 ἤνεγκαν
1324 1773 1358 1832 τθι
1372 1774 1467 1850 ἱμάτια
1479 1777 1526 1845 τῆς

197 1873 336 1937 primitias
359 1879 383 1920 et
406 1872 531 1932 decimas,
555 1878 580 1920 et
604 1872 800 1920 suscitaverunt
846 1863 992 1945 ἱερωσύνης
1016 1864 1061 1923 καὶ
1085 1865 1118 1922 τδι
1140 1861 1384 1945 πρωτογεννῆματα
1410 1862 1455 1921 καλ
1478 1863 1526 1930 τάς

198 1974 349 2011 nazaraeos
368 1962 414 2024 qui
436 1959 613 2025 impleveram
629 1961 698 2020 dies;
717 1959 761 2009 50.
777 1966 800 2008 et
846 1953 957 2020 δεκάτας
971 1951 1017 2012 καὶ
1034 1952 1143 2030 ἤγειραν
1162 1952 1221 2018 τοὺς
1235 1953 1381 2030 ναζιραέους
1398 1949 1424 2009 οἳ
1442 1951 1524 2019 ἐπλή-

199 2051 383 2100 clamaverunt
415 2063 475 2099 ooee
510 2063 611 2112 maana
642 2050 673 2097 iu
702 2048 801 2098 coelum
848 2040 1121 2120 ρωσαντάςὴμέρας·
1143 2042 1191 2102 50.
1209 2041 1255 2099 καὶ
1271 2039 1474 2121 θθόησοινρωνῆ
1490 2043 1526 2107 εἰς

197 2139 312 2188 diceutes
329 2153 338 2187 :
355 2139 419 2201 quid
433 2138 563 2203 faciemus
578 2138 639 2186 istis
657 2144 682 2187 et
696 2151 801 2201 quoeos
846 2130 891 2188 τὸν
917 2132 1026 2208 οὐρανόν
1049 2131 1177 2206 λέγοντες·
1203 2129 1229 2187 τέ
1250 2128 1405 2203 ποιήσαιμεν
1424 2127 1526 2196 τούτοις

198 2227 341 2277 duremus?
360 2227 402 2277 51.
425 2235 449 2276 et
468 2235 563 2276 sancta
580 2233 628 2276 tua
646 2225 801 2276 conculcato
846 2220 967 2279 καὶτοῦ
1000 2217 1093 2286 αύτούς
1118 2221 1317 2298 ἀπαγάγωμεν;
1353 2220 1401 2279 51.
1425 2217 1470 2276 καλ
1491 2221 1525 2276 el

197 2323 259 2366 sumt
279 2323 303 2366 et
324 2316 507 2366 aoatamiuata
526 2322 589 2365 siout
609 2322 633 2364 et
653 2315 801 2364 sacerdotes
846 2307 910 2386 θγιά
931 2331 979 2368 σου
1003 2309 1227 2378 καταπεπάτηται
1248 2307 1293 2365 καὶ
1314 2305 1466 2386 βεὸήλωται
1480 2307 1526 2365 καὶ

198 2405 238 2454 tui
256 2404 323 2469 sacti
344 2413 407 2454 suat
425 2404 458 2454 im
477 2403 576 2453 luctum
594 2411 618 2453 et
638 2405 669 2453 im
687 2404 800 2453 ltumili-
846 2402 871 2455 οἱ
889 2401 966 2476 ἱερεῖς
990 2419 1038 2457 σου
1057 2401 1083 2456 έν
1106 2396 1195 2454 πένθει
1218 2396 1263 2454 καὶ
1287 2396 1455 2472 ταπεινώσει·
1473 2397 1523 2456 5⁹2.

198 2501 287 2543 tatem.
306 2493 349 2543 52.
364 2495 397 2542 Et
412 2506 466 2542 eote
480 2494 604 2543 mallones
623 2498 801 2542 convenerunt
848 2485 903 2546 Καὶ
926 2485 1049 2556 ἰδοθ,.τδ
1079 2485 1140 2555 ἔθνη
1166 2489 1295 2554 συνῆκται
1317 2485 1359 2563 ἐρ’
1388 2491 1459 2560 ἡμᾶς
1480 2490 1525 2542 τοῦ

198 2583 339 2632 aduersum
361 2596 419 2640 rios,
441 2587 470 2630 ut
498 2595 546 2630 aas
572 2583 747 2645 disperdaal;
773 2588 802 2629 tu
846 2574 938 2652 ἐξᾶραι
955 2561 1043 2650 1ἡμᾶς·
1068 2572 1100 2632 σὺ
1124 2565 1196 2638 οἶδας
1220 2572 1237 2630 ἃ
1261 2573 1410 2648 λογίζονται
1435 2573 1473 2653 ἐρ’
1494 2578 1525 2642 ῆ-

197 2672 248 2721 aeis
266 2684 333 2733 quae
352 2671 517 2734 eooitaatirs
529 2682 594 2729 mos,·
614 2671 656 2720 53.
674 2670 801 2731 quomodo
847 2672 910 2738 μᾶς.
941 2665 990 2723 53.
1017 2665 1078 2728 Πῶς
1101 2661 1267 2736 δυνησόμεθα
1292 2663 1438 2730 ὑποστῆναι
1456 2659 1526 2719 κατὰ

196 2761 343 2824 poterimus
362 2759 503 2808 subsistere
521 2765 583 2807 amte
602 2757 698 2820 [aciem
711 2771 802 2808 eorum
846 2757 982 2829 πρόςωπον
997 2754 1093 2823 αὐτῶν,
1110 2750 1156 2808 ils
1181 2748 1218 2825 μὴ
1241 2748 1272 2807 σύ
1294 2749 1427 2828 βοηθῆσῃς
1442 2753 1525 2823 ἡμῖν;

197 2849 253 2897 uisi
266 2855 304 2907 tu,
319 2849 395 2907 Deus,
410 2849 522 2898 adiuves
537 2848 606 2896 riori
623 2846 667 2898 54.
682 2848 716 2896 lit
730 2847 802 2896 tubis
847 2845 897 2902 54.
918 2840 963 2900 καὶ
984 2840 1131 2899 ἐσάλπισαν
1151 2847 1210 2901 ταῖς
1234 2836 1359 2916 σάλπιγξι
1380 2838 1426 2897 καλ
1449 2837 1526 2908 έόοῆ-

197 2937 412 2986 exclamaveruut
424 2949 483 2986 roae
496 2950 604 3000 maana.
847 2953 896 2988 σαν
911 2933 986 3008 ρωνῇ
1000 2929 1115 3006 μεγάλῃ.

235 3027 277 3076 55.
293 3025 324 3074 Et
337 3031 395 3089 post
406 3026 468 3075 liaeo
478 3027 617 3074 coustituit
630 3025 711 3075 ludas
724 3025 801 3075 dures
886 3021 936 3080 53.
962 3019 1017 3079 Καὶ
1041 3017 1109 3093 μετὰ
1135 3023 1213 3077 τοῦτο
1236 3015 1401 3088 κατέστησεν
1425 3015 1527 3083 Ἰούδας

197 3115 302 3179 populi,
317 3114 438 3163 tribunos
460 3121 483 3162 et
503 3114 670 3163 centuriones
689 3120 713 3162 et
734 3127 802 3178 pea-
846 3107 1006 3186 ἡγουμένους
1023 3111 1070 3164 τοῦ
1093 3108 1157 3165 λαοῦ
1174 3107 1331 3185 χιλιάρχους
1344 3108 1389 3163 καὶ
1405 3109 1527 3164 {aurove-

200 3204 385 3253 taromtarelsoa
403 3209 428 3251 et
445 3204 608 3252 decuriones.
626 3203 669 3252 56.
686 3209 720 3252 Et
732 3203 801 3252 dixit
847 3197 945 3275 όρχους
964 3195 1008 3253 καὶ
1031 3196 1276 3273 πεντηκοντάρχους
1301 3194 1346 3252 καὶ
1370 3196 1524 3272 δεκάρχους.

202 3292 243 3343 lsis
269 3292 316 3354 qui
348 3292 526 3356 aedificabant
551 3292 641 3341 domos
676 3297 701 3340 et
723 3304 800 3355 spou-
846 3288 893 3344 36.
917 3283 970 3344 Καὶ
992 3273 1064 3341 εἶπεν
1089 3291 1143 3348 τοῖς
1171 3285 1352 3357 οἰκοδομοῦσιν
1377 3283 1460 3348 οἰκίας
1480 3285 1526 3339 κοιλ

198 3382 296 3431 sabaal
318 3393 412 3429 uxores
434 3386 458 3428 et
478 3379 644 3443 plantabant
663 3382 757 3429 oiueas
776 3387 801 3428 et
847 3371 1067 3451 μνηστευομένυις
1090 3377 1215 3448 γυναῖκας
1234 3368 1280 3428 κοιλ
1302 3370 1455 3448 φυτεύουσιν
1471 3372 1524 3446 ἀμ·
1592 3417 1595 3424 .

200 3468 393 3534 formidolosis,
405 3476 434 3517 ut
447 3469 564 3518 redirent
578 3470 760 3531 ramusquisque
771 3469 801 3516 in
846 3462 965 3526 πελῶνας
983 3459 1028 3519 καὶ
1050 3461 1144 3526 δειλοῖς
1165 3455 1338 3537 ἀποστρέφειν
1363 3460 1473 3516 ἕκαστον
1489 3460 1524 3525 εἰς

198 3559 303 3607 domum
313 3571 390 3608 suam
404 3557 547 3606 secumdum
561 3556 652 3619 leuem.
846 3551 889 3608 τὸν
904 3540 974 3609 οἶκον
989 3549 1068 3607 αὐτοῦ
1081 3550 1151 3606 κατὰ
1165 3547 1209 3606 τὸν
1224 3537 1312 3623 νόμον.

235 3647 278 3697 57.
294 3647 328 3695 El
346 3651 485 3695 moreruat
505 3653 594 3705 tattra
611 3653 635 3693 et
655 3644 801 3695 eolloeaoe·
886 3641 937 3699 57.
954 3636 1007 3698 Καὶ
1022 3640 1123 3714 ἀπῆρεν
1142 3641 1159 3706 ἡ
1177 3634 1335 3714 ποιρεμόολάΙ
1353 3635 1400 3693 καὶ
1415 3633 1526 3714 παρενέ-

198 3741 262 3785 rutel
282 3735 318 3784 ad
341 3741 461 3784 austrum
482 3734 630 3783 Emmaum.
648 3735 691 3784 58.
708 3735 741 3783 lit
762 3736 802 3783 ait
847 3725 914 3786 όαλε
935 3727 1004 3786 κατὰ
1026 3728 1097 3784 νότον
1118 3723 1278 3800 Ἐμμαούμ.
1303 3725 1351 3784 58.
1377 3723 1430 3783 Καὶ
1453 3713 1526 3782 εἶπεν

198 3824 281 3872 lesdas
302 3837 311 3872 :
332 3823 507 3886 aerimaimiai
531 3831 555 3872 et
576 3829 656 3872 estote
677 3821 730 3886 filii
752 3837 802 3887 po·
847 3814 958 3882 Ἰούδας·
987 3814 1167 3894 περιζώσαοθε
1193 3811 1238 3871 καὶ
1262 3810 1364 3888 γένεσθε
1391 3814 1428 3878 εἰς
1458 3809 1528 3876 υἱοὺς

200 3919 282 3961 tentes
301 3917 325 3961 et
345 3917 424 3960 estote
441 3913 535 3975 parati
554 3913 586 3960 irs
604 3925 691 3971 mame,
706 3918 736 3960 ut
749 3926 802 3975 pu·
848 3904 972 3971 δυνατοὺς
991 3903 1035 3962 καὶ
1054 3903 1155 3981 γένεσθε
1175 3900 1276 3972 ἕτοιμοι
1296 3901 1331 3967 εἴς
1351 3899 1383 3957 τὸ
1398 3892 1526 3981 πρωθτοῦ

198 4001 286 4064 oretis
300 4001 428 4050 adsersus
444 4002 568 4050 aatiomes
586 4001 634 4050 lias
654 4014 721 4062 quae
740 4013 803 4049 aaa·
847 3996 1000 4068 πολεμῆσαι
1022 3994 1116 4055 ἐντοῖς
1133 3992 1219 4050 ἔθνεσι
1234 3988 1333 4056 τούτοις
1355 3989 1408 4055 τοῖς
1423 3993 1527 4049 έπισυν·

199 4095 329 4139 renerum
353 4090 552 4138 adeersus‘aos
577 4089 729 4152 disperdere
755 4102 802 4137 mos
847 4084 971 4159 ηγμένοις
995 4082 1120 4163 ἀφ’ῆμᾶς
1141 4079 1232 4159 ἐξᾶραι
1259 4084 1328 4150 ἡμᾶς
1349 4079 1394 4137 καλ
1417 4077 1528 4156 τάἀγια

198 4185 223 4226 et
246 4184 340 4227 saneto
363 4185 471 4237 mostro,‘
496 4177 539 4228 59.
558 4179 687 4240 quoniam
707 4175 802 4226 melius
847 4176 936 4248 ἡμῶν.
959 4173 1009 4234 58.
1026 4168 1090 4228 Ὅτι
1111 4169 1233 4248 κρεῖσσον
1249 4173 1320 4245 ἡμᾶς
1341 4171 1481 4228 ἀποθανεῖν
1502 4170 1528 4225 ἔν

198 4273 236 4315 est
250 4279 299 4314 uos
315 4267 383 4315 mori
400 4267 430 4314 ia
448 4265 515 4315 bello
531 4281 612 4330 quam
625 4266 714 4316 videre
728 4265 803 4315 malo
847 4266 885 4340 τῷ
899 4260 1009 4342 πολέμῳ
1027 4257 1044 4330 ἢ
1067 4259 1164 4318 ἐπιδεῖν
1187 4259 1230 4316 ἐπὶ
1252 4256 1286 4316 τά
1301 4259 1371 4315 κακά
1386 4264 1430 4316 τοῦ
1443 4255 1529 4320 ἔθνους

198 4355 287 4418 aeolis
304 4361 413 4404 nostrae
435 4363 459 4403 et
482 4362 648 4414 sanctorum·
669 4353 713 4405 60.
734 4355 802 4404 siout
847 4353 925 4427 ἡμῶν
940 4348 985 4408 καλ
999 4353 1051 4408 τῶν
1070 4348 1162 4424 ἁγίων·
1183 4349 1232 4411 60.
1254 4349 1289 4414 iae
1301 4346 1324 4403 δ’
1341 4343 1372 4404 ἀν
1391 4335 1408 4420 ᾗ
1425 4343 1528 4417 θέλημα

199 4452 288 4492 autem
323 4443 405 4507 suerit
441 4443 564 4492 voluntas
595 4444 625 4491 in
658 4442 737 4504 eaelo,
765 4445 803 4492 sia
848 4436 1232 4519 ἐναλρανῷ,ούτωςποιῆαει.

198 4535 256 4596 γόοι.

235 4709 268 4760 ln
282 4723 310 4760 v.
328 4709 371 4758 le.
385 4722 430 4760 ex.
447 4711 489 4759 55.
507 4709 551 4760 74.
568 4709 629 4760 tlt.
647 4709 690 4759 71.
707 4709 875 4761 assumenda
892 4709 946 4758 erit
960 4707 1043 4758 lectio
1062 4720 1104 4754 του
1121 4719 1261 4770 ειτιγραρειν
1281 4717 1310 4751 επ
1325 4716 1418 4762 αντων,
1430 4701 1528 4752 iteGr.

200 4799 246 4849 Iis.
263 4799 296 4849 K.
316 4799 363 4849 lie.
378 4801 406 4849 et
420 4800 542 4862 exigitur
556 4811 654 4858 sensim
672 4812 686 4848 s
701 4797 785 4848 hebel
797 4797 837 4846 uti
851 4798 881 4846 ln
893 4797 970 4859 vulg.
987 4795 1098 4856 legitur.

1709 4561 1790 4890 t
