3625 5367
717 317 746 374 θ.
771 326 863 372 usco.
886 311 1005 382 &ii-15.
1471 321 1530 379 359

196 475 319 527 culorum
352 476 523 524 innocentum
557 482 580 524 ct
620 468 803 536 blasphemias
848 460 893 519 καὶ
915 460 976 542 περί
995 465 1048 520 τῶν
1067 461 1216 541 γενομένων
1238 465 1275 531 είς
1294 465 1325 524 τὸ
1343 466 1427 542 ὄνομα
1448 469 1528 529 αὐτοῦ

195 565 300 615 nomini
316 577 364 614 suo
384 562 479 613 illato-s
499 571 524 612 ct
543 563 737 627 indipnaretur
756 571 801 606 su·
849 552 1027 631 βλασφημιῶν
1039 552 1086 610 noi
1099 558 1326 633 μισοπονηρῆσαι.
1340 558 1369 614 5.
1382 556 1529 634 Γενόμενος

193 667 243 719 per
265 655 319 705 itis:
342 655 368 704 5.
387 654 420 702 tt
442 653 617 702 liochalroeus
641 651 802 713 conprepaia
848 639 875 698 δὲ
895 641 922 698 ἐν
942 640 1095 718 συστήματι
1113 646 1127 700 θ
1149 643 1326 711 Μακκαθαῐος
1347 644 1529 713 ἀνυπόστατος

195 742 369 793 multitudine
389 741 572 790 intolerabilis
598 739 723 802 pentibus
748 737 801 800 effi·
848 727 899 801 ἤδη
934 729 987 796 τοῖς
1019 729 1118 789 ἐθνεσιν
1154 731 1263 809 ἐγίνετο,
1293 737 1341 805 τῆς
1370 735 1450 812 ὀργῆς
1482 739 1528 793 τοῦ

190 832 332 889 siccatur,-
353 832 398 881 ira
424 831 496 880 enim
514 830 621 879 Domini
646 819 678 878 in
696 825 802 874 miseri·
851 817 950 900 Κυρίου
967 821 1003 886 είς
1019 817 1093 877 ἔλεον
1111 819 1268 899 τραπείσης.
1284 823 1314 881 6.
1331 821 1427 888 Πόλεις
1442 823 1529 882 δὲκαὶ

195 921 315 970 cordiam
341 933 468 970 conuersa
492 927 540 968 est.
567 919 593 968 θ.
618 919 651 967 Et
675 925 803 980 superne·
848 906 942 982 κώμας
970 907 1171 987 ἀπροςδοκήτως
1196 909 1337 989 ἐρχόμενος
1364 910 1527 990 ἐνεπίμπρα,

194 1010 272 1059 niens
287 1007 406 1058 castellis
422 1015 446 1058 et
466 1007 623 1058 ciuitatibus
640 1004 802 1070 improvisus
848 996 893 1056 nul
908 995 968 1064 τοὺς
982 997 1134 1076 ἐπικαίρους
1152 997 1248 1064 τόπους
1265 999 1466 1077 ἀπολαμόάνων
1481 989 1529 1059 οθκ

195 1098 368 1149 succendebat
389 1111 444 1160 aas,
465 1105 489 1146 et
509 1103 662 1162 opportuna
680 1093 739 1144 loca
759 1105 802 1140 oc·
848 1085 951 1162 ὀλίγους
979 1087 1032 1145 τῶν
1064 1086 1200 1162 πολεμίων
1232 1087 1412 1167 τροποόμενος
1444 1088 1529 1162 ἐνίκα,

197 1201 299 1252 cupans
331 1200 386 1236 non
415 1199 517 1250 paucas
552 1185 668 1236 hostium
699 1189 803 1244 strapes
850 1177 878 1234 7.
903 1175 1022 1253 μάλιστα
1045 1174 1092 1242 τὰς
1117 1174 1213 1243 νύκτας
1239 1176 1304 1256 πρὸς
1332 1177 1379 1243 τδις
1406 1175 1529 1245 τοιαύτας

197 1277 295 1335 dabat,-
321 1276 346 1326 7.
372 1276 485 1324 monime
510 1281 599 1324 autem
624 1271 746 1323 noctibus
769 1270 803 1318 ad
849 1263 991 1331 ἐπιόουλθς
1007 1263 1147 1345 συνεργοὺς
1164 1264 1310 1342 ἐλάμόανε,
1325 1265 1371 1324 καί
1390 1267 1471 1325 λαλιά
1491 1290 1529 1334 τις

197 1363 351 1414 huiusmodi
371 1378 495 1414 occursus
515 1362 662 1426 serebatur,
685 1367 709 1410 et
728 1359 803 1424 [ama
848 1357 895 1425 τῆς
912 1350 1048 1431 εὐανδρίας
1062 1354 1143 1412 αὐτοῦ
1160 1350 1273 1433 διεχεῖτο
1287 1357 1425 1434 πανταχῆ.

196 1455 307 1505 virtutis
319 1454 376 1502 eius
388 1453 487 1516 ubique
502 1451 712 1514 diffundebatur.

233 1543 259 1593 8.
281 1543 377 1592 Videns
398 1549 487 1592 autem
500 1540 647 1606 Philippus
666 1536 803 1602 paulatim
889 1534 920 1592 8.
935 1533 1059 1611 Συνοριῦν
1076 1529 1104 1589 δὲ
1118 1533 1133 1589 θ
1148 1529 1285 1597 Φίλιππος
1302 1532 1332 1590 οὗ
1348 1528 1419 1590 κατδι
1434 1529 1529 1612 μικρὸν

197 1632 285 1682 uirum
300 1631 335 1680 ad
352 1630 502 1697 profectum
516 1630 608 1680 uenire
626 1642 655 1678 ac
675 1628 803 1692 [requen-
849 1621 884 1685 είς
899 1617 1037 1700 προκοπὴν
1048 1618 1193 1699 ἐρχόμενον
1205 1619 1250 1679 τὸν
1265 1619 1359 1701 ἄνδρα,
1369 1620 1530 1700 πυκνότερον

198 1721 252 1770 tius
274 1733 315 1769 res
339 1720 364 1769 ei
387 1720 476 1770 cedere
496 1731 632 1783 prospere,
655 1716 690 1766 ad
714 1714 803 1764 Ptole·
849 1707 876 1766 δέ
892 1710 918 1766 ἐν
933 1700 991 1776 ταῖς
1003 1708 1157 1787 εὐημερίαις
1173 1709 1362 1789 προόαίνοντα,
1373 1708 1439 1789 πρὸς
1451 1710 1529 1767 Πτο-

196 1822 301 1858 maeum
320 1809 409 1860 ducem
431 1806 597 1870 Coelespriae
617 1813 641 1854 et
663 1805 803 1854 Phoenicis
848 1799 959 1875 λεμαῖον
986 1796 1031 1857 τὸν
1068 1797 1167 1870 Κοίλης
1197 1797 1297 1877 Συρίας
1327 1797 1374 1856 καί
1400 1795 1530 1869 Φοινίκης

196 1899 306 1962 scripsit
325 1904 353 1946 ut
373 1895 507 1947 ancilium
526 1895 608 1961 ferret
631 1895 701 1956 repis
720 1905 803 1955 nepo-
849 1885 996 1965 στρατηγθν
1013 1885 1128 1967 ἔγραψεν
1147 1885 1299 1958 ἐπιόοηθεῖν
1316 1894 1370 1954 τοῖς
1388 1890 1434 1944 τοῦ
1452 1890 1530 1964 βασι-

197 1987 254 2036 tiis.
270 1986 296 2036 9.
310 1988 343 2035 tt
355 1985 403 2035 ille
416 1985 542 2035 uelociter
556 1985 630 2033 misit
643 1983 803 2033 Nicanorem
847 1973 915 2042 λε’ως
925 1976 1092 2056 πράγμασιν.
1107 1979 1137 2038 9.
1153 1973 1185 2036 Ὁ
1201 1975 1229 2035 δὲ
1240 1975 1344 2056 ταχίως
1355 1974 1528 2054 προχειρισά-

197 2074 317 2126 Patrocli
341 2076 372 2124 de
392 2073 559 2140 primoribus
581 2074 706 2132 amicum,
731 2071 802 2120 datis
849 2087 925 2141 μενος
957 2064 1092 2145 Νικάνορα
1122 2063 1166 2122 τὀν
1199 2068 1246 2124 τοῦ
1282 2062 1440 2143 Πατρόκλου
1475 2066 1528 2122 snt

198 2165 223 2213 ei
247 2164 278 2214 de
300 2164 437 2228 permistis
460 2163 585 2226 pentibus
611 2161 724 2212 armatis
748 2173 804 2210 non
847 2150 960 2232 πρώτων
993 2151 1075 2233 φίλων
1104 2151 1167 2212 ὄντα
1199 2151 1367 2225 ἀπέστειλεν,
1395 2150 1529 2220 ὑποτάξας

197 2252 411 2326 miuusoipinti
436 2251 568 2311 millibus,
595 2257 625 2300 ut
647 2250 802 2298 uniuersum
849 2241 1001 2324 παμρόλων
1020 2242 1152 2314 ἐθνη,οθκ
1171 2241 1294 2307 ἐλάττους
1309 2245 1361 2312 τῶν
1378 2241 1529 2319 διςμυρίων,

199 2343 358 2392 ludaeorum
381 2355 463 2404 penus
488 2339 599 2399 deleret,
626 2339 752 2387 adiuncto
779 2337 803 2384 ei
849 2330 878 2388 τὸ
901 2331 1010 2408 σύμπαν
1030 2333 1083 2388 τῶν
1102 2329 1239 2388 Ἰουδαίων
1259 2328 1350 2407 ἐξᾶραι
1368 2327 1451 2406 γένος·
1469 2352 1529 2388 συν-

198 2437 223 2480 et
248 2431 346 2494 Gorpia
370 2431 430 2480 ciro
458 2429 576 2478 militari
596 2434 619 2476 ct
642 2427 673 2476 in
702 2425 803 2474 bellicis
850 2419 946 2491 ἔστησε
961 2419 988 2478 δὲ
1005 2421 1078 2498 αὐτῷ
1092 2416 1138 2477 καί
1150 2417 1264 2498 Γοργίαν
1279 2417 1362 2497 ἄνδρα
1380 2417 1528 2496 στρατηγὸν

199 2521 277 2569 rebus
305 2518 545 2583 experientissimo.
585 2517 625 2567 t0.
659 2515 803 2565 Constituit
850 2507 895 2568 καί
923 2509 950 2567 ἐν
977 2511 1136 2584 πολεμικαῖς
1161 2507 1263 2587 χρείαις
1296 2515 1391 2586 πεῖραν
1419 2504 1527 2585 ἔχοντα.

200 2614 287 2658 autem
305 2609 434 2668 Nicanor,
456 2613 485 2656 ut
503 2606 562 2670 repi
583 2605 713 2656 tributum
736 2604 804 2666 quod
851 2600 899 2659 10.
920 2596 1086 2667 Διεστιίσατο
1105 2594 1134 2654 δέ
1151 2599 1166 2654 θ
1183 2595 1307 2674 Νικάνωρ
1327 2594 1372 2652 τδν
1392 2593 1472 2674 ρόρον
1491 2596 1530 2674 τῷ

200 2697 325 2747 Romanis
351 2703 409 2746 erat
428 2695 557 2756 dandum,
577 2694 628 2744 duo
648 2692 738 2743 millia
761 2699 804 2741 tc·
852 2686 958 2766 βασιλεῖ
975 2693 1029 2752 τοῖς
1043 2682 1190 2760 Ῥωμαίοις
1209 2683 1272 2742 όντα
1291 2683 1429 2742 ταλάντων
1449 2683 1530 2762 διςχι·

200 2785 331 2836 lentorum
347 2786 377 2835 de
395 2783 805 2850 captivitateludaeorumsup-
850 2776 914 2835 λίων
947 2777 977 2833 ἐκ
1009 2778 1056 2846 τῆς
1088 2777 1140 2831 τῶν
1174 2771 1310 2834 Ἰουδαίων
1342 2769 1530 2851 αἰχμαλωσίας
1605 2803 1613 2810 -

199 2875 298 2940 pleret;
336 2875 376 2925 ll.
408 2875 551 2937 statimque
585 2873 620 2920 ad
653 2871 804 2920 maritimas
852 2860 1531 2941 ἐκπληρώσειν·11.εθθε’ωςδίείςτθςπαραθα·

201 2965 323 3014 ciuitates
345 2963 419 3012 misit
436 2975 582 3012 convocans
605 2963 639 3011 acl
662 2961 805 3025 coemptio·
850 2952 975 3020 λασσίους
986 2951 1076 3018 πόλεις
1090 2950 1229 3012 ἀπέστειλε
1244 2948 1470 3030 προςκαλοόμενος
1485 2950 1530 3008 ἐπ’

199 3067 261 3102 nem
280 3053 447 3102 iudaicorum
467 3051 673 3115 rnancipiorum,
689 3050 804 3114 promit·
852 3042 1005 3122 ἀγορασμδν
1016 3039 1154 3102 Ἰουδαίων
1165 3039 1310 3116 σωμάτων,
1322 3038 1531 3120 ὑπισχνούμενος

203 3151 259 3193 tens
289 3157 315 3191 se
347 3141 501 3204 nonapinta
530 3141 669 3204 mancipia
703 3139 805 3189 talento
852 3131 1022 3202 ἐννενήκοντα
1035 3129 1148 3208 σώματα
1162 3129 1294 3188 ταλάντου
1307 3128 1528 3209 παραχωρήσειν,

202 3232 407 3292 distracturum,
431 3244 486 3280 non
510 3230 657 3293 respiciens
685 3228 718 3277 ad
743 3228 806 3278 oin·
852 3223 881 3279 οὐ
894 3220 1097 3299 προςδεχόμενος
1111 3218 1160 3290 τὴν
1171 3217 1247 3296 παρὰ
1259 3221 1305 3276 τοῦ
1317 3216 1532 3294 παντοκράτορος

203 3321 301 3370 dietam
323 3332 390 3383 quae
414 3331 473 3367 eum
497 3318 529 3368 ab
556 3316 739 3380 omnipotente
764 3329 807 3365 es·
854 3308 1002 3387 μελλουσαν
1015 3305 1260 3386 παρακολουθήσειν
1276 3303 1317 3362 ἐπ’
1333 3304 1406 3381 αὐτῷ
1421 3304 1507 3376 δίκην.

203 3415 240 3458 set
269 3415 451 3458 consecutura.
478 3406 518 3456 tt.
542 3405 623 3454 ludas
648 3411 736 3454 antem
760 3404 807 3454 ubi
895 3400 943 3456 12.
961 3398 1009 3476 Τῷ
1026 3394 1054 3454 δὲ
1071 3393 1160 3474 Ἰοιίδηι
1179 3391 1323 3472 προςίπεστ
1342 3393 1402 3471 περὶ
1420 3395 1468 3462 τῆς
1485 3396 1532 3451 τοῦ

204 3498 339 3561 comperit,
357 3495 491 3546 indicauit
511 3495 553 3542 ltls
569 3495 615 3556 qui
630 3499 807 3543 secu-merant
855 3487 999 3565 Νικάνορος
1027 3484 1130 3564 ἐφόδου,
1152 3481 1198 3541 καί
1227 3479 1385 3558 μεταδόντος
1407 3484 1461 3547 τοῖς
1485 3479 1532 3540 σὺν

204 3587 311 3638 Indaeis
324 3587 469 3635 Nicanoris
481 3583 633 3644 adventum,
650 3583 690 3634 ts.
704 3595 734 3631 ea
745 3583 807 3645 qui·
855 3577 928 3655 αὐτῷ
941 3573 990 3646 τὴν
1004 3573 1151 3652 παρουσίαν
1173 3575 1219 3629 τοῦ
1239 3569 1429 3650 στρατοπέδου,
1444 3571 1492 3632 t3.
1508 3572 1531 3629 οί

205 3676 252 3724 irus
264 3675 375 3738 quidam
387 3673 566 3738 formidantes
575 3678 599 3722 et
609 3684 666 3722 non
674 3672 807 3742 credentes
856 3665 1066 3745 δειλανδροῦντες
1082 3661 1128 3720 καί
1147 3662 1318 3726 ἀπιστοῦντες
1338 3658 1386 3731 τὴν
1400 3664 1447 3718 τοῦ
1461 3660 1533 3718 Θεοῦ

204 3765 251 3814 Dei
268 3763 436 3814 institiaein
451 3762 749 3827 [αρσιανενιείκιαιαν,Ι
766 3759 806 3812 il.
856 3754 931 3825 δίκην
959 3752 1139 3830 διεδίδρασκον
1162 3748 1209 3808 καί
1236 3747 1384 3818 ἐξετόπιζον
1412 3745 1531 3816 ἐαυτοός.

205 3852 257 3903 alii
276 3866 337 3903 oero
357 3853 382 3900 si
401 3853 466 3914 quid
488 3852 526 3900 cis
544 3857 693 3916 supererat,
711 3850 809 3901 cende·
858 3846 906 3904 ίθ.
920 3842 956 3903 Οἱ
969 3841 996 3900 δέ
1011 3839 1045 3900 τά
1058 3838 1281 3920 περιλελειμμένα
1297 3836 1386 3897 πάντα
1401 3838 1532 3914 ἐπώλουν,

206 3941 269 3996 bant
280 3940 414 4004 simulque
426 3940 570 3989 Dominum
583 3939 807 4005 deprecabantur,
856 3936 923 4009 ὁμοῦ
937 3929 964 3991 δὲ
978 3930 1022 3989 τὸν
1036 3929 1136 4012 Κύριον
1155 3927 1242 4000 ἠξίουν
1267 3926 1396 4009 ῥύσασθαι
1407 3925 1467 3995 τοῦς
1484 3926 1535 3984 ὑπδ

204 4037 233 4079 ut
251 4031 366 4094 eriperet
381 4042 423 4078 eos
444 4029 477 4078 ab
495 4029 578 4093 impio
594 4030 736 4089 Nicanore,
764 4030 809 4092 qui
856 4027 901 4080 τοῦ
912 4019 1205 4097 δυςσεόοῦςΝικάνορος
1214 4015 1277 4096 πρὶν
1288 4015 1425 4096 συντυχεῖν
1434 4038 1535 4098 πεπρα-

205 4131 247 4168 eos
256 4121 417 4184 priusquam
433 4119 550 4167 cominus
565 4119 668 4168 veniret
682 4117 810 4168 vendide—
858 4111 959 4187 μένους·
972 4112 1019 4170 15.
1035 4107 1087 4167 xal—
1096 4111 1119 4166 εί
1135 4106 1173 4186 μὴ
1186 4105 1221 4165 δι’
1234 4105 1339 4179 αὐτοὺς,
1351 4103 1421 4164 illi
1435 4104 1478 4165 διδι
1491 4104 1538 4173 τδις

206 4213 264 4268 rat;
289 4209 328 4258 15.
351 4209 400 4256 etsi
419 4221 475 4256 non
494 4213 604 4271 propter
624 4220 676 4267 cos,
700 4214 810 4271 propter
857 4199 923 4278 πρὸς
936 4198 996 4266 τοὺς
1010 4196 1127 4279 πατέρας
1141 4199 1227 4255 αὐτῶν
1242 4194 1370 4267 διαθήκας
1385 4194 1432 4253 καί
1449 4193 1537 4254 ἕνεκεν

206 4301 390 4346 testamentum
407 4303 497 4344 tamen
512 4296 582 4357 quod
598 4303 656 4345 erat
672 4296 707 4345 ad
718 4303 810 4361 pat-res
857 4293 904 4361 τῆς
926 4291 968 4349 ἐπ’
990 4287 1083 4354 αθτοθς
1111 4285 1277 4357 ἐπικλήσεως
1300 4289 1346 4344 τοῦ
1370 4287 1466 4360 σεμνοῦ
1491 4281 1539 4341 καί

206 4398 308 4446 eorum,
329 4391 353 4434 et
374 4391 487 4450 propter
506 4386 699 4434 invocationem
724 4386 811 4435 sancti
858 4379 1076 4456 μεγαλοπρεποῦς
1091 4375 1221 4452 ὀνόματος
1236 4375 1328 4432 αὐτοῦ.

205 4480 230 4522 et
250 4475 386 4540 ntopnifici
401 4474 521 4524 nominis
537 4477 594 4522 eius
609 4488 689 4538 super
705 4476 785 4539 ipsos.

243 4651 275 4701 In
290 4665 316 4702 v.
332 4651 417 4716 81egi
433 4650 514 4702 debet
530 4664 593 4702 cum
612 4651 653 4702 19.
672 4653 714 4702 ai.
729 4651 761 4702 93
778 4668 806 4700 ου
827 4666 890 4702 κατα
905 4662 1004 4715 pupas,
1022 4647 1061 4696 its
1075 4642 1195 4695 habetur
1210 4652 1260 4692 cur
1274 4641 1407 4705 sequatur
1420 4654 1545 4691 πυκνοτι-

206 4755 249 4809 ρον
264 4755 301 4796 οε,
