3625 5367
740 348 769 406 1.
793 363 885 407 utcu.
905 347 1046 419 eat-35.
1504 349 1558 410 llll
1626 361 1642 372 ²

225 499 395 584 apparatu
415 501 449 560 et
467 499 518 561 tot
535 493 666 561 viribus
689 494 779 562 nihil
798 496 987 579 effecerint,
1010 517 1130 563 verum
1149 497 1296 586 turpiter
1319 497 1459 564 contriti
1477 498 1556 565 sint.

201 629 204 634 ·
225 607 265 669 ut
279 624 318 669 v.·
331 607 374 668 32
387 599 534 666 immitte
546 600 584 666 in
598 600 678 668 illos
692 600 913 668 formidinem
926 626 933 682 ;
949 603 991 669 cl.
1007 607 1063 668 Ex.
1083 609 1201 684 15‚1a;
1222 602 1273 670 uti
1285 605 1492 693 promissum
1512 613 1561 672 est

226 713 319 775 Dent.
340 712 458 789 11,25;
476 707 623 794 tabesne,
646 709 701 773 lac
718 714 756 775 ut
774 707 970 806 audaciatet
989 709 1222 798 praesumptio
1242 731 1362 777 eorum
1376 709 1419 776 de
1434 710 1559 776 robore
1587 759 1596 772 .

226 820 259 881 ct
273 813 382 904 copiis
400 813 502 901 plane
521 813 680 881 concidat
696 819 730 880 et
747 821 939 898 evanescat,
958 815 1045 882 sicut
1065 816 1142 882 lluit
1164 838 1242 882 cera
1256 840 1277 882 a
1291 817 1377 882 facie
1394 815 1485 904 iguis
1505 821 1556 884 Pe.

224 927 321 1001 67,2;
349 925 383 988 et
407 933 685 986 commoveantur
708 920 916 987 contritione
933 943 1008 1006 scca,
1036 927 1074 986 ut
1098 945 1132 988 se
1157 927 1278 989 mutuo
1298 924 1558 1012 conquassando

224 1032 459 1107 conterantur,
483 1049 518 1092 se
544 1033 765 1116 prosternant
789 1033 822 1093 et
851 1027 1043 1108 trucident,
1068 1027 1119 1094 uti
1145 1030 1273 1095 lactum
1298 1035 1350 1094 est
1371 1029 1559 1096 tladiauitis
1642 1047 1644 1050 ·

222 1133 287 1200 sub
307 1132 465 1199 Gedccne
483 1133 610 1223 (Lep).
632 1133 779 1200 Victoria
794 1135 926 1222 petitur
940 1156 980 1200 eo
995 1155 1133 1222 quoque
1148 1133 1250 1204 titulo
1270 1135 1364 1223 quod
1384 1135 1557 1202 Israelituo

223 1245 301 1305 sunt
316 1239 502 1327 diligentes
518 1245 626 1306 Deum
645 1263 678 1305 ν.
701 1244 763 1321 33;
785 1263 825 1306 ex
840 1262 910 1329 qna
929 1262 1090 1307 concessa
1108 1240 1294 1330 praeconia
1313 1240 1425 1308 laudis
1443 1243 1557 1308 conci-

223 1351 352 1412 nentur
370 1345 414 1412 ab
433 1346 597 1412 omnibus
617 1345 679 1435 qui
700 1360 867 1413 noverunt
888 1368 1012 1414 nomen
1034 1359 1144 1432 tunm,
1166 1347 1379 1414 maiestatem
1404 1354 1500 1414 tuam
1524 1356 1557 1414 et

222 1450 371 1538 gloriam
386 1474 475 1541 quae
491 1453 629 1520 nomine
641 1459 702 1518 tuo
717 1452 913 1520 continetur
927 1459 961 1519 et
975 1453 1189 1543 exprimitur.

268 1556 341 1624 Tali
350 1559 466 1648 itaque
476 1558 545 1625 fide
556 1558 712 1626 roborati
723 1559 840 1626 ludaei
849 1558 893 1625 ad
906 1581 1060 1648 pugnam
1075 1559 1283 1649 procedunt]
1296 1582 1328 1628 v.
1343 1566 1384 1628 at
1396 1569 1554 1629 συνέδολον

221 1666 382 1746 ἀλλήλοις,
401 1665 557 1732 cominus
577 1663 677 1752 signa
691 1665 927 1748 contulerunt,
945 1665 1034 1732 inter
1052 1688 1087 1732 se
1101 1659 1272 1755 proelium
1288 1667 1553 1748 commiseruut;

222 1768 265 1835 de
279 1773 427 1838 exercitu
447 1771 564 1859 Lysiae
584 1771 787 1838 ceciderunt
806 1771 959 1860 quinque
980 1770 1090 1838 millia
1108 1772 1245 1839 circiter
1264 1773 1309 1862 (S,
1326 1771 1368 1860 s),
1385 1778 1436 1854 net
1451 1783 1554 1842 ἔπεσον

222 1879 254 1956 ἐξ
272 1885 406 1957 ἐναντίας
423 1882 518 1945 αὐτῶν
535 1885 567 1943 et
583 1876 636 1943 illi
654 1876 792 1967 quidem
810 1876 1012 1944 occiderunt
1026 1900 1066 1943 cx
1080 1876 1224 1944 adverso
1237 1899 1370 1959 eorum,
1388 1881 1412 1945 i.
1429 1901 1458 1945 e.
1477 1884 1555 1945 autc

220 1982 343 2051 faciem
365 1983 583 2066 ludaeorum,
608 1983 653 2050 ab
676 1984 718 2050 iis
736 1983 910 2050 trucidati.
934 1989 1000 2050 Hoc
1022 1969 1219 2051 membrum
1239 1985 1354 2052 omisit
1375 1985 1474 2071 vulg;
1496 1985 1556 2051 sed

222 2088 360 2156 effertur
374 2090 411 2156 in
429 2093 466 2182 S,
478 2112 527 2172 s.;
550 2089 699 2157 edicitur
710 2096 759 2156 tot
773 2088 916 2179 periisse
931 2089 967 2157 in
985 2089 1060 2179 ipsa
1075 2112 1194 2179 pugna
1212 2091 1413 2158 fortitudine
1434 2090 1555 2158 ludae-

221 2217 331 2277 orum,
357 2217 427 2261 nou
450 2197 487 2262 in
510 2196 606 2282 fuge.
633 2197 749 2285 Lysias
767 2218 849 2263 vcro
868 2218 900 2264 v.
924 2202 966 2264 35
987 2196 1108 2264 videns
1127 2183 1251 2264 lectam
1274 2219 1345 2264 esse
1365 2197 1498 2264 cladem
1522 2207 1555 2263 et

219 2301 337 2388 fugam
349 2324 503 2386 suorum,
515 2325 657 2370 cernens
668 2326 817 2392 quoque,
833 2311 964 2393 quanta
977 2303 1010 2368 vi
1024 2309 1056 2370 et
1069 2303 1213 2370 audacia
1229 2303 1345 2371 ludaei
1357 2307 1555 2394 pugnarent

218 2430 284 2496 pro
303 2409 373 2474 aris
395 2413 430 2475 ct
449 2409 546 2490 locis,
568 2409 655 2475 obiit
676 2408 912 2490 Antiochiam,
933 2417 983 2477 καὶ
1006 2415 1176 2497 ἐξενολόγει
1200 2410 1315 2500 copias
1337 2412 1550 2499 peregriuaS,

220 2515 450 2582 mercenarius
464 2515 615 2601 collegit,
629 2515 840 2604 conseripsit,
859 2521 896 2581 ut
911 2517 1102 2603 copiosiore
1118 2537 1195 2583 cum
1212 2517 1357 2583 exercitu
1376 2516 1503 2583 rediret
1515 2517 1553 2583 in

219 2620 393 2689 lu'daeam.
412 2622 605 2689 Lectionem
618 2630 769 2709 ἐλογίζετο
784 2621 944 2709 exprimit
954 2625 975 2687 S
986 2628 1021 2686 et
1031 2621 1170 2706 collegit
1184 2622 1369 2688 exercitum
1386 2642 1552 2707 magnum

220 2731 253 2792 et
273 2729 408 2814 paravit
431 2749 467 2795 se
489 2732 523 2794 et
545 2749 659 2794 secum
684 2729 857 2816 reputavit
879 2727 1065 2794 utiterum
1091 2726 1292 2794 ascenderet
1313 2729 1350 2793 in
1375 2726 1549 2794 Iudaeam.

218 2837 328 2922 Atque
343 2833 387 2900 de
402 2833 510 2900 altera
530 2831 646 2920 Lysiae
664 2833 880 2923 expeditione
897 2833 1000 2900 etiarn
1022 2832 1152 2900 maiore
1173 2835 1322 2901 retertur
1336 2839 1356 2899 θ
1372 2835 1475 2900 llach.
1496 2840 1549 2916 11,

221 2945 314 3021 1-15;
341 2939 413 3008 scil.
441 2946 519 3029 post
542 2940 786 3028 purgationem
811 2939 943 3029 templi,
966 2939 1010 3006 de
1031 2943 1132 3007 tertie
1155 2947 1170 3006 1
1193 2941 1298 3008 Mach.
1322 2947 1402 3022 6,17
1421 2961 1492 3030 seq.
1517 2945 1552 3006 et

218 3045 357 3113 2tlach.
378 3051 454 3131 13,1
470 3067 541 3135 seq.
1203 3034 1205 3038 Ι

497 3266 525 3322 8.
551 3261 703 3338 Templum
717 3261 893 3321 mundatur
914 3263 941 3320 ct
960 3261 1118 3321 inetrnitnr
1138 3265 1270 3332 eet-51.

256 3448 328 3509 tat.
354 3449 430 3498 uicit
452 3456 542 3498 cutem
571 3450 652 3497 ludus
676 3450 823 3513 nutrcem
911 3438 992 3508 4,36.
1009 3428 1078 3496 Elec
1102 3434 1128 3493 δὲ
1153 3434 1252 3502 Ἰούδας
1265 3435 1311 3494 καὶ
1329 3437 1354 3494 ol
1375 3435 1483 3517 θδαλροὶ
1503 3436 1573 3494 αὗ·-

218 3540 274 3587 οἰιιι
290 3551 298 3586 .·
312 3551 366 3587 ecce
381 3539 492 3587 contriti
520 3545 581 3587 sunt
602 3538 708 3587 inimici
720 3538 823 3597 nostrt;
869 3530 930 3583 τοῦ·
949 3524 1003 3584 ἰδοὺ
1024 3523 1214 3602 συνιτρίθησαν
1233 3527 1257 3582 οἱ
1275 3524 1362 3604 ἐχθροὶ
1383 3527 1470 3600 ἡμῶν,
1487 3529 1550 3583 αἰνα-

219 3627 824 3676 oscendcmuanunemundcresanctuetre-
870 3614 963 3690 θῶμεν
990 3611 1134 3692 καθαρίσαι
1162 3612 1195 3670 ad
1225 3612 1287 3689 ἅγια
1313 3611 1359 3671 καθ
1387 3613 1547 3691 ἑγκαινίσαι.

216 3729 326 3764 novare.
345 3714 389 3766 37.
412 3717 445 3764 Et
473 3722 649 3779 concrepatur
675 3720 713 3764 est
737 3717 824 3764 omnic
871 3705 918 3762 37.
944 3702 999 3761 Καὶ
1025 3701 1144 3780 συνήχθη
1172 3707 1189 3772 ἡ
1219 3698 1376 3780 παρεμὸολὴ
1402 3709 1478 3758 πᾶσα
1503 3703 1549 3759 καὶ

218 3805 356 3862 exercitus,
391 3811 416 3853 et
449 3805 625 3854 escenderunt
653 3805 684 3854 tn
712 3811 825 3853 montem
871 3790 1003 3862 ἀνέδησαν
1029 3793 1064 3857 el<
1089 3791 1146 3870 ὄρος
1173 3786 1254 3850 Σιών.
1283 3791 1331 3848 38.
1360 3787 1414 3848 Καὶ
1438 3787 1492 3845 ἴδον
1517 3789 1547 3848 τὸ

217 3893 301 3952 8ἰοα;
322 3892 366 3944 38.
392 3899 416 3942 et
436 3893 561 3944 ciderunt
584 3894 825 3958 sanctificationem
871 3879 993 3956 θγίασμα
1008 3881 1186 3959 ἠρημωμένον
1201 3877 1248 3937 καὶ
1260 3878 1291 3935 τὸ
1305 3877 1491 3953 θυσιαστήριον
1508 3881 1551 3953 βε·

217 3981 349 4030 desertam
363 3988 387 4031 et
403 3981 492 4032 ultore
506 3981 684 4047 profanatum
698 3988 722 4031 et
729 3989 825 4047 portos
871 3967 1029 4046 θηλωμένον
1054 3969 1100 4027 καὶ
1125 3967 1173 4035 τὰς
1204 3966 1287 4032 πύλας
1313 3965 1551 4040 κατακεκαυμένοις

216 4077 322 4119 exustus
340 4077 365 4120 et
385 4071 510 4120 tnntritr
527 4072 650 4133 uirgulta
668 4079 737 4120 ncta
756 4073 824 4121 sicut
870 4059 915 4115 καὶ
942 4059 968 4116 ἰν
996 4065 1053 4125 ταῖς
1081 4058 1173 4122 “ideis
1198 4055 1270 4138 ‘port
1300 4061 1435 4137 πεφυκότα
1461 4061 1497 4123 ὡς
1524 4059 1549 4114 ἓν

216 4158 335 4207 insultu
354 4159 442 4208 celin
456 4160 591 4209 montibus
606 4168 630 4208 et
645 4162 825 4225 pastophorio
871 4149 965 4227 δρυμῷ
986 4147 1004 4218 ἢ
1026 4151 1061 4215 ὡς
1084 4149 1111 4205 ἐν
1135 4147 1173 4205 ἑνὶ
1194 4149 1245 4204 τῶν
1269 4147 1350 4224 δρέυνν
1375 4145 1422 4203 καὶ
1445 4146 1478 4206 ad
1501 4171 1551 4205 πα-

216 4247 326 4306 directim
343 4247 387 4298 39.
409 4255 432 4296 ct
450 4248 586 4298 sciderunt
601 4249 759 4299 vestimenta
774 4265 824 4299 suc
870 4243 996 4318 στοφόρια
1017 4237 1202 4316 καθῃρημένα.
1222 4237 1269 4296 39.
1287 4234 1342 4294 Καὶ
1361 4235 1497 4314 διέρρηξαν
1517 4239 1550 4294 ecl

216 4342 241 4383 et
261 4335 427 4400 planxerunt
448 4336 562 4402 planctu
582 4350 680 4400 magno
695 4346 719 4387 et
737 4340 824 4402 impo-
868 4325 964 4403 ἱμάτια
991 4326 1078 4384 αὐτῶν
1100 4325 1144 4383 καὶ
1174 4326 1304 4404 ἐκόψαντο
1327 4326 1438 4382 κοπετὸν
1466 4323 1550 4399 μέγαν

215 4433 328 4474 suerunt
342 4426 458 4474 cinerem
476 4439 557 4490 cuper
573 4433 654 4490 eaput
668 4441 745 4476 suum
754 4441 762 4486 ‚·
779 4427 822 4477 to.
869 4413 915 4473 xci
939 4414 1061 4473 ἐπέθεντο
1086 4413 1183 4472 σποδὸν
1213 4411 1257 4470 ἐπὶ
1282 4413 1330 4481 τὴν
1355 4411 1474 4490 κεφαλὴν
1500 4415 1547 4470 αὖ·

217 4520 242 4561 et
268 4515 419 4563 ceciderunt
443 4516 474 4563 in
497 4515 594 4580 {actem
615 4528 696 4578 cuper
723 4522 824 4565 terrum
869 4506 932 4561 τῶν·
954 4505 1002 4564 40.
1025 4503 1071 4560 καὶ
1091 4502 1183 4560 ἔπεσον
1203 4499 1247 4559 ἐπὶ
1267 4501 1407 4577 πρόσωπον
1432 4498 1476 4556 ἐπὶ
1502 4499 1549 4570 τὴν

217 4607 242 4648 ct
256 4601 472 4653 exclamaverunt
488 4604 558 4652 tubis
573 4602 713 4665 siccorum
727 4612 752 4653 ct
767 4605 823 4653 cle·
869 4595 930 4667 γῆν,
954 4593 1000 4650 καὶ
1024 4589 1171 4649 caeterae
1193 4596 1252 4654 ταῖς
1276 4585 1400 4664 σάλπιγξι
1423 4591 1476 4646 τῶν
1498 4610 1550 4660 ση-

215 4697 356 4739 moverunt
372 4693 402 4740 in
416 4693 525 4743 coelum.
871 4685 977 4757 μασιιῗιν
991 4677 1037 4738 καθ
1054 4679 1168 4748 ἐδάησαν
1184 4678 1220 4743 εἷς
1234 4675 1278 4734 τδν
1293 4675 1411 4756 οὐρανόν.

254 4779 531 4831 Η.Τιινισοι·θιήσι·ἰι
548 4782 755 4831 ludaseiroout
770 4795 823 4844 pu·
911 4773 961 4828 dl.
986 4768 1052 4828 Τότν
1080 4765 1202 4835 ἐπέταξεν
1225 4764 1324 4832 Ἰούδας
1348 4764 1474 4844 ἀνδράσιν
1502 4787 1549 4825 πα·

919 4859 932 4890 0
