<?xml version="1.0" encoding="UTF-8"?>
<!DOCTYPE html PUBLIC "-//W3C//DTD XHTML 1.0 Transitional//EN"
    "http://www.w3.org/TR/xhtml1/DTD/xhtml1-transitional.dtd">
<html xmlns="http://www.w3.org/1999/xhtml" xml:lang="en" lang="en">
 <head>
  <title>
</title>
<meta http-equiv="Content-Type" content="text/html;charset=utf-8" />
  <meta name='ocr-system' content='tesseract 3.04.00' />
  <meta name='ocr-capabilities' content='ocr_page ocr_carea ocr_par ocr_line ocrx_word'/>
</head>
<body>
  <div class='ocr_page' id='page_1' title='image "./commentariusind00knabgoog/commentariusind00knabgoog_0340.png"; bbox 0 0 3625 5367; ppageno 0'>
   <div class='ocr_carea' id='block_1_1' title="bbox 272 295 1109 396">
    <p class='ocr_par' dir='ltr' id='par_1_1' title="bbox 272 295 1109 396">
     <span class='ocr_line' id='line_1_1' title="bbox 272 295 1109 396; baseline 0 -18"><span class='ocrx_word' id='word_1_1' title='bbox 272 321 332 378; x_wconf 87' lang='lat'>330</span> <span class='ocrx_word' id='word_1_2' title='bbox 642 295 649 309; x_wconf 88' lang='lat'>&#39;</span> <span class='ocrx_word' id='word_1_3' title='bbox 720 387 725 396; x_wconf 24' lang='lat'>⁸</span> <span class='ocrx_word' id='word_1_4' title='bbox 781 315 810 374; x_wconf 76' lang='lat' dir='ltr'>a.</span> <span class='ocrx_word' id='word_1_5' title='bbox 835 331 930 377; x_wconf 74' lang='grc' dir='ltr'>νιιιν.</span> <span class='ocrx_word' id='word_1_6' title='bbox 956 317 1109 386; x_wconf 70' lang='lat' dir='ltr'>aneso..</span> 
     </span>
    </p>
   </div>
   <div class='ocr_carea' id='block_1_2' title="bbox 266 463 1606 1408">
    <p class='ocr_par' dir='ltr' id='par_1_2' title="bbox 266 463 1606 1408">
     <span class='ocr_line' id='line_1_2' title="bbox 313 463 1604 554; baseline -0.002 -20"><span class='ocrx_word' id='word_1_7' title='bbox 313 472 528 554; x_wconf 74' lang='lat' dir='ltr'><strong>Quantopere</strong></span> <span class='ocrx_word' id='word_1_8' title='bbox 547 466 613 530; x_wconf 92' lang='lat' dir='ltr'>hoc</span> <span class='ocrx_word' id='word_1_9' title='bbox 628 463 795 532; x_wconf 86' lang='lat' dir='ltr'>iudicium</span> <span class='ocrx_word' id='word_1_10' title='bbox 818 469 936 532; x_wconf 89' lang='lat' dir='ltr'>contra</span> <span class='ocrx_word' id='word_1_11' title='bbox 951 466 1108 532; x_wconf 90' lang='lat' dir='ltr'>omnium</span> <span class='ocrx_word' id='word_1_12' title='bbox 1124 463 1411 554; x_wconf 76' lang='lat' dir='ltr'>exspectationem</span> <span class='ocrx_word' id='word_1_13' title='bbox 1425 463 1604 545; x_wconf 90' lang='lat' dir='ltr'>acciderit,</span> 
     </span>
     <span class='ocr_line' id='line_1_3' title="bbox 266 570 1603 661; baseline -0.002 -21"><span class='ocrx_word' id='word_1_14' title='bbox 266 574 462 640; x_wconf 80' lang='lat' dir='ltr'>declaratur</span> <span class='ocrx_word' id='word_1_15' title='bbox 474 594 611 661; x_wconf 91' lang='lat' dir='ltr'>quoque</span> <span class='ocrx_word' id='word_1_16' title='bbox 627 571 662 638; x_wconf 92' lang='lat' dir='ltr'>in</span> <span class='ocrx_word' id='word_1_17' title='bbox 676 595 709 637; x_wconf 90' lang='lat' dir='ltr'>v.</span> <span class='ocrx_word' id='word_1_18' title='bbox 729 576 783 638; x_wconf 78' lang='lat' dir='ltr'>aa.</span> <span class='ocrx_word' id='word_1_19' title='bbox 805 577 863 652; x_wconf 76' lang='grc' dir='ltr'>ἱι9ς</span> <span class='ocrx_word' id='word_1_20' title='bbox 882 579 1013 640; x_wconf 88' lang='lat' dir='ltr'>actores</span> <span class='ocrx_word' id='word_1_21' title='bbox 1028 594 1101 638; x_wconf 91' lang='lat' dir='ltr'>rem</span> <span class='ocrx_word' id='word_1_22' title='bbox 1116 575 1263 657; x_wconf 87' lang='lat' dir='ltr'>egerunt</span> <span class='ocrx_word' id='word_1_23' title='bbox 1278 593 1341 660; x_wconf 90' lang='lat' dir='ltr'>pro</span> <span class='ocrx_word' id='word_1_24' title='bbox 1364 570 1451 637; x_wconf 89' lang='lat' dir='ltr'>urbe</span> <span class='ocrx_word' id='word_1_25' title='bbox 1474 575 1603 652; x_wconf 87' lang='lat' dir='ltr'>sancta,</span> 
     </span>
     <span class='ocr_line' id='line_1_4' title="bbox 267 676 1605 776; baseline -0.002 -30"><span class='ocrx_word' id='word_1_26' title='bbox 267 703 330 770; x_wconf 90' lang='lat' dir='ltr'>pro</span> <span class='ocrx_word' id='word_1_27' title='bbox 346 680 472 769; x_wconf 92' lang='lat' dir='ltr'>populo</span> <span class='ocrx_word' id='word_1_28' title='bbox 486 679 626 768; x_wconf 90' lang='lat' dir='ltr'>eiusque</span> <span class='ocrx_word' id='word_1_29' title='bbox 641 678 789 759; x_wconf 90' lang='lat' dir='ltr'>iuribus,</span> <span class='ocrx_word' id='word_1_30' title='bbox 803 699 866 766; x_wconf 92' lang='lat' dir='ltr'>pro</span> <span class='ocrx_word' id='word_1_31' title='bbox 880 679 1059 746; x_wconf 76' lang='lat' dir='ltr'>sanctitate</span> <span class='ocrx_word' id='word_1_32' title='bbox 1075 700 1114 745; x_wconf 90' lang='lat' dir='ltr'>ac</span> <span class='ocrx_word' id='word_1_33' title='bbox 1126 676 1467 766; x_wconf 77' lang='lat' dir='ltr'>reverentiatempli3</span> <span class='ocrx_word' id='word_1_34' title='bbox 1485 699 1605 776; x_wconf 83' lang='lat' dir='ltr'>verum</span> 
     </span>
     <span class='ocr_line' id='line_1_5' title="bbox 268 783 1600 877; baseline -0.004 -22"><span class='ocrx_word' id='word_1_35' title='bbox 268 795 382 872; x_wconf 71' lang='grc' dir='ltr'>ταχέως</span> <span class='ocrx_word' id='word_1_36' title='bbox 398 785 464 851; x_wconf 84' lang='lat' dir='ltr'>cito</span> <span class='ocrx_word' id='word_1_37' title='bbox 478 807 626 874; x_wconf 89' lang='lat' dir='ltr'>poenam</span> <span class='ocrx_word' id='word_1_38' title='bbox 637 783 799 850; x_wconf 91' lang='lat' dir='ltr'>iniustam</span> <span class='ocrx_word' id='word_1_39' title='bbox 810 784 1004 866; x_wconf 87' lang='lat' dir='ltr'>subierunt,</span> <span class='ocrx_word' id='word_1_40' title='bbox 1020 784 1091 877; x_wconf 81' lang='lat' dir='ltr'>cito¹</span> <span class='ocrx_word' id='word_1_41' title='bbox 1100 784 1136 850; x_wconf 92' lang='lat' dir='ltr'>id</span> <span class='ocrx_word' id='word_1_42' title='bbox 1149 785 1368 867; x_wconf 81' lang='lat' dir='ltr'>exsecutione</span> <span class='ocrx_word' id='word_1_43' title='bbox 1383 783 1600 865; x_wconf 89' lang='lat' dir='ltr'>mandatum,</span> 
     </span>
     <span class='ocr_line' id='line_1_6' title="bbox 269 889 1604 982; baseline -0.001 -24"><span class='ocrx_word' id='word_1_44' title='bbox 269 891 466 982; x_wconf 86' lang='lat' dir='ltr'>impellente</span> <span class='ocrx_word' id='word_1_45' title='bbox 492 892 633 958; x_wconf 84' lang='lat' dir='ltr'>fortasse</span> <span class='ocrx_word' id='word_1_46' title='bbox 664 892 827 972; x_wconf 86' lang='lat' dir='ltr'>Menelao,</span> <span class='ocrx_word' id='word_1_47' title='bbox 853 896 889 956; x_wconf 92' lang='lat' dir='ltr'>ut</span> <span class='ocrx_word' id='word_1_48' title='bbox 913 891 1025 958; x_wconf 93' lang='lat' dir='ltr'>omnis</span> <span class='ocrx_word' id='word_1_49' title='bbox 1054 891 1186 958; x_wconf 82' lang='lat' dir='ltr'>occasio</span> <span class='ocrx_word' id='word_1_50' title='bbox 1213 889 1371 956; x_wconf 90' lang='lat' dir='ltr'>mutandi</span> <span class='ocrx_word' id='word_1_51' title='bbox 1400 890 1604 956; x_wconf 85' lang='lat' dir='ltr'>sententiam</span> 
     </span>
     <span class='ocr_line' id='line_1_7' title="bbox 271 996 1606 1088; baseline 0 -24"><span class='ocrx_word' id='word_1_52' title='bbox 271 998 348 1084; x_wconf 87' lang='lat' dir='ltr'>regi</span> <span class='ocrx_word' id='word_1_53' title='bbox 362 997 582 1065; x_wconf 79' lang='lat' dir='ltr'>adimeretur.</span> <span class='ocrx_word' id='word_1_54' title='bbox 600 1001 645 1064; x_wconf 83' lang='lat' dir='ltr'>Ex</span> <span class='ocrx_word' id='word_1_55' title='bbox 669 998 745 1085; x_wconf 89' lang='lat' dir='ltr'>lege</span> <span class='ocrx_word' id='word_1_56' title='bbox 770 999 879 1088; x_wconf 83' lang='lat' dir='ltr'>(Dent.</span> <span class='ocrx_word' id='word_1_57' title='bbox 906 997 1020 1086; x_wconf 81' lang='lat' dir='ltr'>1a‚19)</span> <span class='ocrx_word' id='word_1_58' title='bbox 1037 996 1113 1065; x_wconf 85' lang='lat' dir='ltr'>falsi</span> <span class='ocrx_word' id='word_1_59' title='bbox 1129 1003 1231 1064; x_wconf 89' lang='lat' dir='ltr'>testes</span> <span class='ocrx_word' id='word_1_60' title='bbox 1243 997 1364 1064; x_wconf 90' lang='lat' dir='ltr'>eadem</span> <span class='ocrx_word' id='word_1_61' title='bbox 1379 1019 1492 1086; x_wconf 90' lang='lat' dir='ltr'>poena</span> <span class='ocrx_word' id='word_1_62' title='bbox 1507 1003 1606 1064; x_wconf 88' lang='lat' dir='ltr'>erant</span> 
     </span>
     <span class='ocr_line' id='line_1_8' title="bbox 271 1102 1605 1184; baseline 0 -14"><span class='ocrx_word' id='word_1_63' title='bbox 271 1103 474 1184; x_wconf 84' lang='lat' dir='ltr'>mulctandi,</span> <span class='ocrx_word' id='word_1_64' title='bbox 497 1103 552 1170; x_wconf 93' lang='lat' dir='ltr'>cui</span> <span class='ocrx_word' id='word_1_65' title='bbox 581 1104 718 1171; x_wconf 86' lang='lat' dir='ltr'>obnoxii</span> <span class='ocrx_word' id='word_1_66' title='bbox 741 1106 884 1172; x_wconf 91' lang='lat' dir='ltr'>luissent</span> <span class='ocrx_word' id='word_1_67' title='bbox 906 1104 1055 1173; x_wconf 90' lang='lat' dir='ltr'>accusati</span> <span class='ocrx_word' id='word_1_68' title='bbox 1079 1104 1262 1171; x_wconf 90' lang='lat' dir='ltr'>criminum</span> <span class='ocrx_word' id='word_1_69' title='bbox 1285 1103 1443 1170; x_wconf 89' lang='lat' dir='ltr'>convicti.</span> <span class='ocrx_word' id='word_1_70' title='bbox 1460 1102 1525 1172; x_wconf 88' lang='lat' dir='ltr'>Sed</span> <span class='ocrx_word' id='word_1_71' title='bbox 1545 1126 1605 1171; x_wconf 85' lang='lat' dir='ltr'>rex</span> 
     </span>
     <span class='ocr_line' id='line_1_9' title="bbox 271 1209 1606 1300; baseline -0.001 -22"><span class='ocrx_word' id='word_1_72' title='bbox 271 1218 362 1278; x_wconf 89' lang='lat' dir='ltr'>certe</span> <span class='ocrx_word' id='word_1_73' title='bbox 378 1211 464 1297; x_wconf 86' lang='lat' dir='ltr'>legis</span> <span class='ocrx_word' id='word_1_74' title='bbox 483 1209 650 1277; x_wconf 86' lang='lat' dir='ltr'>mosaicae</span> <span class='ocrx_word' id='word_1_75' title='bbox 665 1211 835 1279; x_wconf 90' lang='lat' dir='ltr'>rationem</span> <span class='ocrx_word' id='word_1_76' title='bbox 850 1233 920 1277; x_wconf 92' lang='lat' dir='ltr'>non</span> <span class='ocrx_word' id='word_1_77' title='bbox 936 1212 1074 1294; x_wconf 89' lang='lat' dir='ltr'>habuit;</span> <span class='ocrx_word' id='word_1_78' title='bbox 1093 1233 1201 1300; x_wconf 91' lang='lat' dir='ltr'>quare</span> <span class='ocrx_word' id='word_1_79' title='bbox 1216 1211 1341 1276; x_wconf 87' lang='lat' dir='ltr'>trustra</span> <span class='ocrx_word' id='word_1_80' title='bbox 1356 1232 1396 1277; x_wconf 78' lang='lat' dir='ltr'>er</span> <span class='ocrx_word' id='word_1_81' title='bbox 1408 1233 1522 1298; x_wconf 91' lang='lat' dir='ltr'>poena</span> <span class='ocrx_word' id='word_1_82' title='bbox 1538 1217 1606 1277; x_wconf 88' lang='lat' dir='ltr'>tes-</span> 
     </span>
     <span class='ocr_line' id='line_1_10' title="bbox 273 1316 1605 1408; baseline -0.001 -24"><span class='ocrx_word' id='word_1_83' title='bbox 273 1317 359 1385; x_wconf 87' lang='lat' dir='ltr'>tium</span> <span class='ocrx_word' id='word_1_84' title='bbox 378 1317 547 1403; x_wconf 86' lang='lat' dir='ltr'>colligunt</span> <span class='ocrx_word' id='word_1_85' title='bbox 566 1319 668 1407; x_wconf 84' lang='lat' dir='ltr'>quale</span> <span class='ocrx_word' id='word_1_86' title='bbox 682 1318 891 1408; x_wconf 86' lang='lat' dir='ltr'>supplicium</span> <span class='ocrx_word' id='word_1_87' title='bbox 912 1319 1089 1386; x_wconf 89' lang='lat' dir='ltr'>subiturus</span> <span class='ocrx_word' id='word_1_88' title='bbox 1103 1317 1221 1385; x_wconf 87' lang='lat' dir='ltr'>fuisset</span> <span class='ocrx_word' id='word_1_89' title='bbox 1235 1317 1414 1398; x_wconf 89' lang='lat' dir='ltr'>Menelaus,</span> <span class='ocrx_word' id='word_1_90' title='bbox 1431 1317 1459 1383; x_wconf 90' lang='lat' dir='ltr'>si</span> <span class='ocrx_word' id='word_1_91' title='bbox 1476 1316 1605 1384; x_wconf 89' lang='lat' dir='ltr'>iustitia</span> 
     </span>
    </p>
   </div>
   <div class='ocr_carea' id='block_1_3' title="bbox 166 1424 553 1490">
    <p class='ocr_par' dir='ltr' id='par_1_3' title="bbox 166 1424 553 1490">
     <span class='ocr_line' id='line_1_11' title="bbox 166 1424 553 1490; baseline 0.013 -6"><span class='ocrx_word' id='word_1_92' title='bbox 166 1473 170 1484; x_wconf 94' lang='lat'>.</span> <span class='ocrx_word' id='word_1_93' title='bbox 271 1424 391 1490; x_wconf 87' lang='lat' dir='ltr'>fuisset</span> <span class='ocrx_word' id='word_1_94' title='bbox 408 1429 553 1490; x_wconf 87' lang='lat' dir='ltr'>servata.</span> 
     </span>
    </p>
   </div>
   <div class='ocr_carea' id='block_1_4' title="bbox 270 1528 1608 2791">
    <p class='ocr_par' dir='ltr' id='par_1_4' title="bbox 270 1528 1608 2791">
     <span class='ocr_line' id='line_1_12' title="bbox 317 1528 1604 1620; baseline 0 -24"><span class='ocrx_word' id='word_1_95' title='bbox 317 1528 383 1620; x_wconf 91' lang='lat' dir='ltr'>lpsi</span> <span class='ocrx_word' id='word_1_96' title='bbox 400 1552 537 1619; x_wconf 91' lang='lat' dir='ltr'>quoque</span> <span class='ocrx_word' id='word_1_97' title='bbox 553 1529 657 1617; x_wconf 80' lang='lat' dir='ltr'>Tyrii,</span> <span class='ocrx_word' id='word_1_98' title='bbox 678 1537 728 1598; x_wconf 68' lang='grc' dir='ltr'>καὶ</span> <span class='ocrx_word' id='word_1_99' title='bbox 748 1534 852 1618; x_wconf 80' lang='grc' dir='ltr'>Τύριοι</span> <span class='ocrx_word' id='word_1_100' title='bbox 871 1530 982 1620; x_wconf 88' lang='lat' dir='ltr'>aliqui</span> <span class='ocrx_word' id='word_1_101' title='bbox 1001 1531 1074 1598; x_wconf 88' lang='lat' dir='ltr'>scil.</span> <span class='ocrx_word' id='word_1_102' title='bbox 1094 1531 1144 1598; x_wconf 92' lang='lat' dir='ltr'>rei</span> <span class='ocrx_word' id='word_1_103' title='bbox 1165 1529 1409 1616; x_wconf 83' lang='lat' dir='ltr'>indignitatem</span> <span class='ocrx_word' id='word_1_104' title='bbox 1429 1551 1532 1616; x_wconf 84' lang='lat' dir='ltr'>aegre</span> <span class='ocrx_word' id='word_1_105' title='bbox 1555 1531 1571 1596; x_wconf 85' lang='lat' dir='ltr'>l</span> <span class='ocrx_word' id='word_1_106' title='bbox 1590 1569 1604 1580; x_wconf 94' lang='lat'>-</span> 
     </span>
     <span class='ocr_line' id='line_1_13' title="bbox 270 1635 1607 1726; baseline 0 -24"><span class='ocrx_word' id='word_1_107' title='bbox 270 1643 383 1704; x_wconf 90' lang='lat' dir='ltr'>rentes</span> <span class='ocrx_word' id='word_1_108' title='bbox 395 1637 498 1703; x_wconf 85' lang='lat' dir='ltr'>lunus</span> <span class='ocrx_word' id='word_1_109' title='bbox 514 1659 632 1704; x_wconf 89' lang='lat' dir='ltr'>eorum</span> <span class='ocrx_word' id='word_1_110' title='bbox 650 1639 835 1723; x_wconf 87' lang='lat' dir='ltr'>magnifice</span> <span class='ocrx_word' id='word_1_111' title='bbox 846 1637 1102 1720; x_wconf 72' lang='lat' dir='ltr'>instruxerunt,</span> <span class='ocrx_word' id='word_1_112' title='bbox 1122 1647 1175 1720; x_wconf 83' lang='grc' dir='ltr'>τὴν</span> <span class='ocrx_word' id='word_1_113' title='bbox 1191 1645 1310 1720; x_wconf 75' lang='grc' dir='ltr'>κηδείαν</span> <span class='ocrx_word' id='word_1_114' title='bbox 1325 1657 1440 1705; x_wconf 88' lang='lat' dir='ltr'>curam</span> <span class='ocrx_word' id='word_1_115' title='bbox 1453 1635 1607 1726; x_wconf 90' lang='lat' dir='ltr'>sepultu-</span> 
     </span>
     <span class='ocr_line' id='line_1_14' title="bbox 270 1742 1606 1832; baseline 0 -24"><span class='ocrx_word' id='word_1_116' title='bbox 270 1766 340 1823; x_wconf 88' lang='lat' dir='ltr'>rae,</span> <span class='ocrx_word' id='word_1_117' title='bbox 358 1743 625 1825; x_wconf 77' lang='lat' dir='ltr'>funerationem,</span> <span class='ocrx_word' id='word_1_118' title='bbox 645 1753 898 1832; x_wconf 80' lang='grc' dir='ltr'>μεγαλοπρεπῶς,</span> <span class='ocrx_word' id='word_1_119' title='bbox 918 1744 963 1810; x_wconf 91' lang='lat' dir='ltr'>al.</span> <span class='ocrx_word' id='word_1_120' title='bbox 981 1753 1218 1832; x_wconf 69' lang='grc' dir='ltr'>μεγαλομερῶςς</span> <span class='ocrx_word' id='word_1_121' title='bbox 1235 1744 1279 1810; x_wconf 87' lang='lat' dir='ltr'>cl.</span> <span class='ocrx_word' id='word_1_122' title='bbox 1295 1761 1326 1809; x_wconf 80' lang='grc' dir='ltr'>ι’.</span> <span class='ocrx_word' id='word_1_123' title='bbox 1344 1742 1606 1812; x_wconf 66' lang='lat' dir='ltr'>andariscus</span> 
     </span>
     <span class='ocr_line' id='line_1_15' title="bbox 270 1849 1607 1939; baseline 0 -25"><span class='ocrx_word' id='word_1_124' title='bbox 270 1851 377 1916; x_wconf 86' lang='lat' dir='ltr'>tames</span> <span class='ocrx_word' id='word_1_125' title='bbox 394 1872 513 1917; x_wconf 86' lang='lat' dir='ltr'>eorum</span> <span class='ocrx_word' id='word_1_126' title='bbox 530 1849 589 1939; x_wconf 93' lang='lat' dir='ltr'>qui</span> <span class='ocrx_word' id='word_1_127' title='bbox 604 1850 640 1915; x_wconf 88' lang='lat' dir='ltr'>in</span> <span class='ocrx_word' id='word_1_128' title='bbox 657 1851 893 1918; x_wconf 89' lang='lat' dir='ltr'>dominatione</span> <span class='ocrx_word' id='word_1_129' title='bbox 917 1859 1017 1918; x_wconf 89' lang='lat' dir='ltr'>erant</span> <span class='ocrx_word' id='word_1_130' title='bbox 1041 1849 1219 1919; x_wconf 90' lang='lat' dir='ltr'>constituti</span> <span class='ocrx_word' id='word_1_131' title='bbox 1235 1849 1356 1932; x_wconf 87' lang='lat' dir='ltr'>effecit,</span> <span class='ocrx_word' id='word_1_132' title='bbox 1376 1855 1413 1916; x_wconf 90' lang='lat' dir='ltr'>ut</span> <span class='ocrx_word' id='word_1_133' title='bbox 1438 1850 1607 1916; x_wconf 81' lang='lat' dir='ltr'>Menelaus</span> 
     </span>
     <span class='ocr_line' id='line_1_16' title="bbox 272 1956 1603 2044; baseline 0.001 -24"><span class='ocrx_word' id='word_1_134' title='bbox 272 1962 491 2044; x_wconf 85' lang='lat' dir='ltr'>permaneret</span> <span class='ocrx_word' id='word_1_135' title='bbox 503 1956 539 2021; x_wconf 92' lang='lat' dir='ltr'>in</span> <span class='ocrx_word' id='word_1_136' title='bbox 555 1956 741 2042; x_wconf 87' lang='lat' dir='ltr'>dignitatc;</span> <span class='ocrx_word' id='word_1_137' title='bbox 760 1979 839 2024; x_wconf 91' lang='lat' dir='ltr'>nam</span> <span class='ocrx_word' id='word_1_138' title='bbox 858 1979 963 2023; x_wconf 86' lang='lat' dir='ltr'>avaro</span> <span class='ocrx_word' id='word_1_139' title='bbox 983 1957 1073 2024; x_wconf 89' lang='lat' dir='ltr'>nihil</span> <span class='ocrx_word' id='word_1_140' title='bbox 1093 1966 1142 2024; x_wconf 90' lang='lat' dir='ltr'>est</span> <span class='ocrx_word' id='word_1_141' title='bbox 1163 1956 1340 2023; x_wconf 87' lang='lat' dir='ltr'>scelestius</span> <span class='ocrx_word' id='word_1_142' title='bbox 1362 1957 1477 2042; x_wconf 85' lang='lat' dir='ltr'>(Eccli.</span> <span class='ocrx_word' id='word_1_143' title='bbox 1497 1962 1603 2042; x_wconf 71' lang='lat' dir='ltr'>10,9th.</span> 
     </span>
     <span class='ocr_line' id='line_1_17' title="bbox 272 2061 1607 2152; baseline 0.001 -26"><span class='ocrx_word' id='word_1_144' title='bbox 272 2061 438 2128; x_wconf 86' lang='lat' dir='ltr'>Menelaus</span> <span class='ocrx_word' id='word_1_145' title='bbox 451 2069 566 2128; x_wconf 87' lang='lat' dir='ltr'>autem</span> <span class='ocrx_word' id='word_1_146' title='bbox 582 2063 725 2128; x_wconf 88' lang='lat' dir='ltr'>minime</span> <span class='ocrx_word' id='word_1_147' title='bbox 738 2062 938 2151; x_wconf 85' lang='lat' dir='ltr'>resipiscere</span> <span class='ocrx_word' id='word_1_148' title='bbox 952 2064 1076 2152; x_wconf 91' lang='lat' dir='ltr'>coepit,</span> <span class='ocrx_word' id='word_1_149' title='bbox 1094 2071 1244 2131; x_wconf 89' lang='lat' dir='ltr'>econtra</span> <span class='ocrx_word' id='word_1_150' title='bbox 1260 2070 1454 2151; x_wconf 72' lang='grc' dir='ltr'>ἐπιρυὸμενος</span> <span class='ocrx_word' id='word_1_151' title='bbox 1464 2064 1607 2152; x_wconf 91' lang='lat' dir='ltr'>insuper</span> 
     </span>
     <span class='ocr_line' id='line_1_18' title="bbox 274 2167 1607 2258; baseline 0.002 -26"><span class='ocrx_word' id='word_1_152' title='bbox 274 2189 427 2234; x_wconf 90' lang='lat' dir='ltr'>crescens</span> <span class='ocrx_word' id='word_1_153' title='bbox 439 2167 661 2258; x_wconf 88' lang='lat' dir='ltr'>improbitate</span> <span class='ocrx_word' id='word_1_154' title='bbox 675 2189 822 2255; x_wconf 90' lang='lat' dir='ltr'>magnus</span> <span class='ocrx_word' id='word_1_155' title='bbox 837 2169 962 2235; x_wconf 84' lang='lat' dir='ltr'>exstitit</span> <span class='ocrx_word' id='word_1_156' title='bbox 977 2170 1103 2238; x_wconf 90' lang='lat' dir='ltr'>civium</span> <span class='ocrx_word' id='word_1_157' title='bbox 1122 2192 1262 2237; x_wconf 90' lang='lat' dir='ltr'>suornm</span> <span class='ocrx_word' id='word_1_158' title='bbox 1281 2169 1472 2250; x_wconf 87' lang='lat' dir='ltr'>insidiator,</span> <span class='ocrx_word' id='word_1_159' title='bbox 1491 2177 1607 2238; x_wconf 73' lang='grc' dir='ltr'>ὲπίεευ-</span> 
     </span>
     <span class='ocr_line' id='line_1_19' title="bbox 274 2274 1607 2364; baseline 0.001 -24"><span class='ocrx_word' id='word_1_160' title='bbox 274 2282 340 2357; x_wconf 80' lang='grc' dir='ltr'>λος,</span> <span class='ocrx_word' id='word_1_161' title='bbox 367 2274 439 2339; x_wconf 89' lang='lat' dir='ltr'>eius</span> <span class='ocrx_word' id='word_1_162' title='bbox 475 2275 523 2341; x_wconf 89' lang='lat' dir='ltr'>rei</span> <span class='ocrx_word' id='word_1_163' title='bbox 554 2274 716 2341; x_wconf 89' lang='lat' dir='ltr'>ulteriora</span> <span class='ocrx_word' id='word_1_164' title='bbox 745 2275 1207 2357; x_wconf 82' lang='lat' dir='ltr'>documentahabes5,15.</span> <span class='ocrx_word' id='word_1_165' title='bbox 1234 2284 1292 2357; x_wconf 70' lang='lat'>23;</span> <span class='ocrx_word' id='word_1_166' title='bbox 1323 2282 1414 2357; x_wconf 86' lang='grc'>13,3.</span> <span class='ocrx_word' id='word_1_167' title='bbox 1443 2276 1607 2364; x_wconf 92' lang='lat' dir='ltr'>losephus</span> 
     </span>
     <span class='ocr_line' id='line_1_20' title="bbox 274 2379 1606 2467; baseline 0.001 -21"><span class='ocrx_word' id='word_1_168' title='bbox 274 2380 431 2467; x_wconf 88' lang='lat' dir='ltr'>quamvis</span> <span class='ocrx_word' id='word_1_169' title='bbox 450 2380 492 2446; x_wconf 91' lang='lat' dir='ltr'>de</span> <span class='ocrx_word' id='word_1_170' title='bbox 514 2379 608 2448; x_wconf 90' lang='lat' dir='ltr'>hisce</span> <span class='ocrx_word' id='word_1_171' title='bbox 624 2381 834 2448; x_wconf 77' lang='lat' dir='ltr'>facinoribus</span> <span class='ocrx_word' id='word_1_172' title='bbox 851 2383 989 2449; x_wconf 91' lang='lat' dir='ltr'>Menelai</span> <span class='ocrx_word' id='word_1_173' title='bbox 1002 2383 1208 2449; x_wconf 90' lang='lat' dir='ltr'>mentionem</span> <span class='ocrx_word' id='word_1_174' title='bbox 1225 2405 1295 2449; x_wconf 91' lang='lat' dir='ltr'>non</span> <span class='ocrx_word' id='word_1_175' title='bbox 1306 2382 1421 2462; x_wconf 86' lang='lat' dir='ltr'>iaciat,</span> <span class='ocrx_word' id='word_1_176' title='bbox 1440 2381 1606 2449; x_wconf 91' lang='lat' dir='ltr'>tamenin</span> 
     </span>
     <span class='ocr_line' id='line_1_21' title="bbox 272 2486 1608 2579; baseline 0.001 -27"><span class='ocrx_word' id='word_1_177' title='bbox 272 2486 469 2554; x_wconf 84' lang='lat' dir='ltr'>universum</span> <span class='ocrx_word' id='word_1_178' title='bbox 486 2509 598 2554; x_wconf 92' lang='lat' dir='ltr'>mores</span> <span class='ocrx_word' id='word_1_179' title='bbox 613 2488 685 2554; x_wconf 88' lang='lat' dir='ltr'>cius</span> <span class='ocrx_word' id='word_1_180' title='bbox 704 2488 869 2579; x_wconf 89' lang='lat' dir='ltr'>pessimos</span> <span class='ocrx_word' id='word_1_181' title='bbox 888 2488 1118 2577; x_wconf 84' lang='lat' dir='ltr'>perstringit:</span> <span class='ocrx_word' id='word_1_182' title='bbox 1143 2489 1304 2557; x_wconf 91' lang='lat' dir='ltr'>omnibus</span> <span class='ocrx_word' id='word_1_183' title='bbox 1318 2489 1361 2554; x_wconf 91' lang='lat' dir='ltr'>iis</span> <span class='ocrx_word' id='word_1_184' title='bbox 1383 2511 1472 2578; x_wconf 88' lang='lat' dir='ltr'>qnae</span> <span class='ocrx_word' id='word_1_185' title='bbox 1491 2488 1608 2578; x_wconf 90' lang='lat' dir='ltr'>patria</span> 
     </span>
     <span class='ocr_line' id='line_1_22' title="bbox 272 2583 1607 2681; baseline 0 -21"><span class='ocrx_word' id='word_1_186' title='bbox 272 2598 370 2660; x_wconf 87' lang='lat' dir='ltr'>erant</span> <span class='ocrx_word' id='word_1_187' title='bbox 388 2593 520 2661; x_wconf 89' lang='lat' dir='ltr'>omissis</span> <span class='ocrx_word' id='word_1_188' title='bbox 538 2606 733 2663; x_wconf 88' lang='lat' dir='ltr'>ceterarum</span> <span class='ocrx_word' id='word_1_189' title='bbox 753 2596 914 2681; x_wconf 89' lang='lat' dir='ltr'>gentium</span> <span class='ocrx_word' id='word_1_190' title='bbox 934 2597 1025 2662; x_wconf 85' lang='lat' dir='ltr'>facta</span> <span class='ocrx_word' id='word_1_191' title='bbox 1043 2596 1166 2663; x_wconf 91' lang='lat' dir='ltr'>imitati</span> <span class='ocrx_word' id='word_1_192' title='bbox 1185 2602 1275 2675; x_wconf 89' lang='lat' dir='ltr'>sunt,</span> <span class='ocrx_word' id='word_1_193' title='bbox 1295 2583 1464 2662; x_wconf 90' lang='lat' dir='ltr'>Menelaus</span> <span class='ocrx_word' id='word_1_194' title='bbox 1485 2595 1557 2663; x_wconf 93' lang='lat' dir='ltr'>scil.</span> <span class='ocrx_word' id='word_1_195' title='bbox 1573 2602 1607 2661; x_wconf 89' lang='lat' dir='ltr'>et</span> 
     </span>
     <span class='ocr_line' id='line_1_23' title="bbox 271 2699 1606 2791; baseline 0.002 -26"><span class='ocrx_word' id='word_1_196' title='bbox 271 2699 334 2766; x_wconf 89' lang='lat' dir='ltr'>tilii</span> <span class='ocrx_word' id='word_1_197' title='bbox 354 2701 477 2768; x_wconf 85' lang='lat' dir='ltr'>Tobiae</span> <span class='ocrx_word' id='word_1_198' title='bbox 493 2702 583 2790; x_wconf 79' lang='lat' dir='ltr'>(Ant.</span> <span class='ocrx_word' id='word_1_199' title='bbox 602 2705 744 2791; x_wconf 64' lang='lat' dir='ltr'>tuat).</span> <span class='ocrx_word' id='word_1_200' title='bbox 763 2701 863 2770; x_wconf 91' lang='lat' dir='ltr'>Nullo</span> <span class='ocrx_word' id='word_1_201' title='bbox 879 2708 1085 2788; x_wconf 89' lang='lat' dir='ltr'>argumento</span> <span class='ocrx_word' id='word_1_202' title='bbox 1103 2702 1253 2771; x_wconf 88' lang='lat' dir='ltr'>adducto</span> <span class='ocrx_word' id='word_1_203' title='bbox 1272 2701 1422 2772; x_wconf 80' lang='lat' dir='ltr'>Scbttrer</span> <span class='ocrx_word' id='word_1_204' title='bbox 1436 2702 1606 2768; x_wconf 87' lang='lat' dir='ltr'>narratio-</span> 
     </span>
    </p>
   </div>
   <div class='ocr_carea' id='block_1_5' title="bbox 271 2806 1602 3005">
    <p class='ocr_par' dir='ltr' id='par_1_5' title="bbox 271 2806 1602 3005">
     <span class='ocr_line' id='line_1_24' title="bbox 271 2806 1602 2898; baseline 0.002 -26"><span class='ocrx_word' id='word_1_205' title='bbox 271 2828 350 2872; x_wconf 91' lang='lat' dir='ltr'>nem</span> <span class='ocrx_word' id='word_1_206' title='bbox 361 2806 443 2873; x_wconf 90' lang='lat' dir='ltr'>libri</span> <span class='ocrx_word' id='word_1_207' title='bbox 455 2808 498 2874; x_wconf 92' lang='lat' dir='ltr'>de</span> <span class='ocrx_word' id='word_1_208' title='bbox 512 2810 661 2876; x_wconf 83' lang='lat' dir='ltr'>Menelao</span> <span class='ocrx_word' id='word_1_209' title='bbox 674 2808 741 2876; x_wconf 88' lang='lat' dir='ltr'>tide</span> <span class='ocrx_word' id='word_1_210' title='bbox 754 2809 938 2895; x_wconf 89' lang='lat' dir='ltr'>indignam</span> <span class='ocrx_word' id='word_1_211' title='bbox 949 2831 1019 2876; x_wconf 90' lang='lat' dir='ltr'>esse</span> <span class='ocrx_word' id='word_1_212' title='bbox 1033 2811 1233 2898; x_wconf 88' lang='lat' dir='ltr'>pronuntiat</span> <span class='ocrx_word' id='word_1_213' title='bbox 1246 2820 1252 2879; x_wconf 71' lang='grc' dir='ltr'>’ζ</span> <span class='ocrx_word' id='word_1_214' title='bbox 1259 2810 1302 2876; x_wconf 89' lang='lat' dir='ltr'>el.</span> <span class='ocrx_word' id='word_1_215' title='bbox 1315 2809 1446 2890; x_wconf 62' lang='lat' dir='ltr'>nietam,</span> <span class='ocrx_word' id='word_1_216' title='bbox 1460 2808 1602 2875; x_wconf 87' lang='lat' dir='ltr'>llandw.</span> 
     </span>
     <span class='ocr_line' id='line_1_25' title="bbox 272 2912 678 3005; baseline 0.007 -26"><span class='ocrx_word' id='word_1_217' title='bbox 272 2912 331 2980; x_wconf 92' lang='lat' dir='ltr'>des</span> <span class='ocrx_word' id='word_1_218' title='bbox 349 2912 435 2982; x_wconf 92' lang='lat' dir='ltr'>bibl.</span> <span class='ocrx_word' id='word_1_219' title='bbox 453 2915 518 2982; x_wconf 81' lang='lat' dir='ltr'>Alt.</span> <span class='ocrx_word' id='word_1_220' title='bbox 534 2937 568 3005; x_wconf 94' lang='lat' dir='ltr'>p.</span> <span class='ocrx_word' id='word_1_221' title='bbox 588 2916 678 3004; x_wconf 82' lang='lat'>979).</span> 
     </span>
    </p>
   </div>
   <div class='ocr_carea' id='block_1_6' title="bbox 683 3129 1193 3202">
    <p class='ocr_par' dir='ltr' id='par_1_6' title="bbox 683 3129 1193 3202">
     <span class='ocr_line' id='line_1_26' title="bbox 683 3129 1193 3202; baseline -0.002 -12"><span class='ocrx_word' id='word_1_222' title='bbox 683 3136 709 3190; x_wconf 83' lang='lat' dir='ltr'>t.</span> <span class='ocrx_word' id='word_1_223' title='bbox 734 3129 823 3190; x_wconf 82' lang='lat' dir='ltr'>loson</span> <span class='ocrx_word' id='word_1_224' title='bbox 837 3129 940 3189; x_wconf 58' lang='lat' dir='ltr'>mrfacre</span> <span class='ocrx_word' id='word_1_225' title='bbox 952 3130 1062 3189; x_wconf 78' lang='lat' dir='ltr'>interiit</span> <span class='ocrx_word' id='word_1_226' title='bbox 1076 3135 1193 3202; x_wconf 58' lang='grc' dir='ltr'>ἰπὶ-10.</span> 
     </span>
    </p>
   </div>
   <div class='ocr_carea' id='block_1_7' title="bbox 274 3313 1610 4820">
    <p class='ocr_par' dir='ltr' id='par_1_7' title="bbox 274 3313 1610 4533">
     <span class='ocr_line' id='line_1_27' title="bbox 311 3313 1603 3396; baseline -0.003 -20"><span class='ocrx_word' id='word_1_227' title='bbox 311 3327 366 3387; x_wconf 82' lang='lat'>5,1.</span> <span class='ocrx_word' id='word_1_228' title='bbox 384 3329 480 3378; x_wconf 80' lang='lat' dir='ltr'>Eodem</span> <span class='ocrx_word' id='word_1_229' title='bbox 494 3337 608 3393; x_wconf 80' lang='lat' dir='ltr'>tempore</span> <span class='ocrx_word' id='word_1_230' title='bbox 623 3331 768 3378; x_wconf 79' lang='lat' dir='ltr'>Antiochus</span> <span class='ocrx_word' id='word_1_231' title='bbox 784 3343 878 3378; x_wconf 83' lang='grc' dir='ltr'>οσοιιιι-</span> <span class='ocrx_word' id='word_1_232' title='bbox 966 3319 1029 3390; x_wconf 77' lang='lat' dir='ltr'>3,l.</span> <span class='ocrx_word' id='word_1_233' title='bbox 1054 3317 1120 3396; x_wconf 82' lang='grc' dir='ltr'>Περὶ</span> <span class='ocrx_word' id='word_1_234' title='bbox 1141 3317 1169 3376; x_wconf 77' lang='grc' dir='ltr'>δὲ</span> <span class='ocrx_word' id='word_1_235' title='bbox 1191 3315 1235 3374; x_wconf 85' lang='grc' dir='ltr'>τὸν</span> <span class='ocrx_word' id='word_1_236' title='bbox 1256 3316 1346 3395; x_wconf 88' lang='grc' dir='ltr'>καιρδν</span> <span class='ocrx_word' id='word_1_237' title='bbox 1364 3313 1455 3374; x_wconf 72' lang='grc' dir='ltr'>τοῗντον</span> <span class='ocrx_word' id='word_1_238' title='bbox 1474 3315 1522 3385; x_wconf 79' lang='grc' dir='ltr'>τὴν</span> <span class='ocrx_word' id='word_1_239' title='bbox 1542 3317 1603 3373; x_wconf 90' lang='grc' dir='ltr'>δευ-</span> 
     </span>
     <span class='ocr_line' id='line_1_28' title="bbox 275 3404 1604 3483; baseline -0.002 -19"><span class='ocrx_word' id='word_1_240' title='bbox 275 3417 336 3464; x_wconf 87' lang='lat' dir='ltr'>dum</span> <span class='ocrx_word' id='word_1_241' title='bbox 349 3416 540 3479; x_wconf 75' lang='lat' dir='ltr'>prosectionem</span> <span class='ocrx_word' id='word_1_242' title='bbox 552 3419 663 3480; x_wconf 85' lang='lat' dir='ltr'>paructt</span> <span class='ocrx_word' id='word_1_243' title='bbox 676 3419 706 3466; x_wconf 81' lang='lat' dir='ltr'>iu</span> <span class='ocrx_word' id='word_1_244' title='bbox 719 3421 876 3481; x_wconf 76' lang='lat' dir='ltr'>Aegyptum.</span> <span class='ocrx_word' id='word_1_245' title='bbox 925 3405 1005 3483; x_wconf 85' lang='grc' dir='ltr'>τέραν</span> <span class='ocrx_word' id='word_1_246' title='bbox 1028 3406 1118 3483; x_wconf 61' lang='lat' dir='ltr'>{pudor</span> <span class='ocrx_word' id='word_1_247' title='bbox 1132 3410 1146 3463; x_wconf 82' lang='grc' dir='ltr'>ὁ</span> <span class='ocrx_word' id='word_1_248' title='bbox 1161 3405 1291 3483; x_wconf 80' lang='grc' dir='ltr'>Ἀντίοχος</span> <span class='ocrx_word' id='word_1_249' title='bbox 1311 3409 1347 3471; x_wconf 79' lang='grc' dir='ltr'>εἰς</span> <span class='ocrx_word' id='word_1_250' title='bbox 1366 3404 1501 3480; x_wconf 80' lang='grc' dir='ltr'>Αἴγυπτον</span> <span class='ocrx_word' id='word_1_251' title='bbox 1521 3406 1604 3462; x_wconf 80' lang='grc' dir='ltr'>ἐστεί-</span> 
     </span>
     <span class='ocr_line' id='line_1_29' title="bbox 276 3491 1605 3571; baseline -0.002 -19"><span class='ocrx_word' id='word_1_252' title='bbox 276 3505 299 3552; x_wconf 80' lang='lat'>‘.‘.</span> <span class='ocrx_word' id='word_1_253' title='bbox 323 3505 441 3564; x_wconf 72' lang='lat' dir='ltr'>Contigit</span> <span class='ocrx_word' id='word_1_254' title='bbox 459 3513 546 3552; x_wconf 85' lang='lat' dir='ltr'>cutcm</span> <span class='ocrx_word' id='word_1_255' title='bbox 567 3519 615 3568; x_wconf 85' lang='lat' dir='ltr'>pcr</span> <span class='ocrx_word' id='word_1_256' title='bbox 631 3507 785 3554; x_wconf 81' lang='lat' dir='ltr'>uuiversum</span> <span class='ocrx_word' id='word_1_257' title='bbox 805 3512 878 3556; x_wconf 77' lang='lat' dir='ltr'>tero·</span> <span class='ocrx_word' id='word_1_258' title='bbox 925 3497 1001 3552; x_wconf 86' lang='grc' dir='ltr'>λατο.</span> <span class='ocrx_word' id='word_1_259' title='bbox 1012 3497 1041 3554; x_wconf 66' lang='lat'>2.</span> <span class='ocrx_word' id='word_1_260' title='bbox 1055 3494 1160 3564; x_wconf 77' lang='grc' dir='ltr'>Συνὲὄη</span> <span class='ocrx_word' id='word_1_261' title='bbox 1174 3495 1200 3552; x_wconf 86' lang='grc' dir='ltr'>δὲ</span> <span class='ocrx_word' id='word_1_262' title='bbox 1213 3495 1272 3552; x_wconf 81' lang='grc' dir='ltr'>καθ’</span> <span class='ocrx_word' id='word_1_263' title='bbox 1285 3491 1407 3565; x_wconf 75' lang='grc' dir='ltr'>ὅληντῆν</span> <span class='ocrx_word' id='word_1_264' title='bbox 1421 3495 1497 3551; x_wconf 85' lang='grc' dir='ltr'>πόλιν</span> <span class='ocrx_word' id='word_1_265' title='bbox 1509 3494 1605 3571; x_wconf 83' lang='grc' dir='ltr'>σχεδὸν</span> 
     </span>
     <span class='ocr_line' id='line_1_30' title="bbox 275 3581 1605 3663; baseline 0 -25"><span class='ocrx_word' id='word_1_266' title='bbox 275 3591 437 3654; x_wconf 78' lang='lat' dir='ltr'>solymorum</span> <span class='ocrx_word' id='word_1_267' title='bbox 449 3594 584 3642; x_wconf 78' lang='lat' dir='ltr'>ciuitatem</span> <span class='ocrx_word' id='word_1_268' title='bbox 600 3595 687 3642; x_wconf 84' lang='lat' dir='ltr'>uideri</span> <span class='ocrx_word' id='word_1_269' title='bbox 703 3595 794 3643; x_wconf 81' lang='lat' dir='ltr'>diebus</span> <span class='ocrx_word' id='word_1_270' title='bbox 810 3609 878 3658; x_wconf 87' lang='lat' dir='ltr'>quc·</span> <span class='ocrx_word' id='word_1_271' title='bbox 926 3583 970 3659; x_wconf 75' lang='grc' dir='ltr'>ἐφ’</span> <span class='ocrx_word' id='word_1_272' title='bbox 987 3585 1088 3663; x_wconf 79' lang='grc' dir='ltr'>ἡμέρας</span> <span class='ocrx_word' id='word_1_273' title='bbox 1110 3582 1311 3661; x_wconf 79' lang='grc' dir='ltr'>τεσσαράκοντα</span> <span class='ocrx_word' id='word_1_274' title='bbox 1331 3585 1469 3662; x_wconf 77' lang='grc' dir='ltr'>φαίνεσθαι</span> <span class='ocrx_word' id='word_1_275' title='bbox 1489 3581 1531 3640; x_wconf 78' lang='grc' dir='ltr'>διὰ</span> <span class='ocrx_word' id='word_1_276' title='bbox 1551 3585 1605 3640; x_wconf 84' lang='grc' dir='ltr'>τῶν</span> 
     </span>
     <span class='ocr_line' id='line_1_31' title="bbox 275 3669 1606 3751; baseline 0 -23"><span class='ocrx_word' id='word_1_277' title='bbox 275 3681 406 3743; x_wconf 76' lang='lat' dir='ltr'>draginta</span> <span class='ocrx_word' id='word_1_278' title='bbox 422 3695 548 3745; x_wconf 79' lang='lat' dir='ltr'>peracre</span> <span class='ocrx_word' id='word_1_279' title='bbox 568 3684 670 3745; x_wconf 79' lang='lat' dir='ltr'>equites</span> <span class='ocrx_word' id='word_1_280' title='bbox 689 3685 877 3740; x_wconf 80' lang='lat' dir='ltr'>discurrentes,</span> <span class='ocrx_word' id='word_1_281' title='bbox 928 3671 1011 3749; x_wconf 78' lang='grc' dir='ltr'>ἀέρων</span> <span class='ocrx_word' id='word_1_282' title='bbox 1037 3675 1178 3750; x_wconf 77' lang='grc' dir='ltr'>τρέχοντας</span> <span class='ocrx_word' id='word_1_283' title='bbox 1205 3676 1295 3738; x_wconf 79' lang='grc' dir='ltr'>ἱππεῖς</span> <span class='ocrx_word' id='word_1_284' title='bbox 1325 3672 1481 3751; x_wconf 81' lang='grc' dir='ltr'>διαχρύσους</span> <span class='ocrx_word' id='word_1_285' title='bbox 1510 3669 1606 3737; x_wconf 75' lang='grc' dir='ltr'>στολὰς</span> 
     </span>
     <span class='ocr_line' id='line_1_32' title="bbox 275 3759 1604 3840; baseline 0 -22"><span class='ocrx_word' id='word_1_286' title='bbox 275 3776 386 3818; x_wconf 72' lang='lat' dir='ltr'>citratos·</span> <span class='ocrx_word' id='word_1_287' title='bbox 401 3771 484 3820; x_wconf 83' lang='lat' dir='ltr'>stolus</span> <span class='ocrx_word' id='word_1_288' title='bbox 507 3772 632 3821; x_wconf 80' lang='lat' dir='ltr'>babentes</span> <span class='ocrx_word' id='word_1_289' title='bbox 649 3780 672 3820; x_wconf 87' lang='lat' dir='ltr'>ct</span> <span class='ocrx_word' id='word_1_290' title='bbox 693 3774 780 3822; x_wconf 80' lang='lat' dir='ltr'>bustis</span> <span class='ocrx_word' id='word_1_291' title='bbox 801 3775 879 3835; x_wconf 82' lang='lat' dir='ltr'>qrturt</span> <span class='ocrx_word' id='word_1_292' title='bbox 928 3763 1036 3839; x_wconf 83' lang='grc' dir='ltr'>ἔχοντας</span> <span class='ocrx_word' id='word_1_293' title='bbox 1050 3763 1096 3819; x_wconf 82' lang='grc' dir='ltr'>καὶ</span> <span class='ocrx_word' id='word_1_294' title='bbox 1111 3760 1209 3840; x_wconf 72' lang='grc' dir='ltr'>λόγχας</span> <span class='ocrx_word' id='word_1_295' title='bbox 1224 3760 1366 3838; x_wconf 80' lang='grc' dir='ltr'>σπειρηδὸν</span> <span class='ocrx_word' id='word_1_296' title='bbox 1381 3759 1604 3834; x_wconf 78' lang='grc' dir='ltr'>ἐξωπλισμένους,</span> 
     </span>
     <span class='ocr_line' id='line_1_33' title="bbox 275 3848 1607 3927; baseline -0.003 -18"><span class='ocrx_word' id='word_1_297' title='bbox 275 3860 390 3909; x_wconf 81' lang='lat' dir='ltr'>cohortes</span> <span class='ocrx_word' id='word_1_298' title='bbox 409 3866 536 3920; x_wconf 73' lang='lat' dir='ltr'>arinates,</span> <span class='ocrx_word' id='word_1_299' title='bbox 555 3864 580 3911; x_wconf 88' lang='grc'>3.</span> <span class='ocrx_word' id='word_1_300' title='bbox 600 3868 622 3909; x_wconf 81' lang='lat' dir='ltr'>ot</span> <span class='ocrx_word' id='word_1_301' title='bbox 643 3876 735 3912; x_wconf 81' lang='lat' dir='ltr'>cursus</span> <span class='ocrx_word' id='word_1_302' title='bbox 753 3876 880 3924; x_wconf 77' lang='lat' dir='ltr'>equorum</span> <span class='ocrx_word' id='word_1_303' title='bbox 928 3852 955 3909; x_wconf 89' lang='grc'>3.</span> <span class='ocrx_word' id='word_1_304' title='bbox 973 3849 1019 3908; x_wconf 86' lang='grc' dir='ltr'>καὶ</span> <span class='ocrx_word' id='word_1_305' title='bbox 1040 3852 1097 3915; x_wconf 85' lang='grc' dir='ltr'>ἴλας</span> <span class='ocrx_word' id='word_1_306' title='bbox 1119 3848 1209 3907; x_wconf 79' lang='grc' dir='ltr'>ἵππων</span> <span class='ocrx_word' id='word_1_307' title='bbox 1232 3849 1440 3927; x_wconf 77' lang='grc' dir='ltr'>διατεταγμένας</span> <span class='ocrx_word' id='word_1_308' title='bbox 1461 3850 1506 3907; x_wconf 83' lang='grc' dir='ltr'>καλ</span> <span class='ocrx_word' id='word_1_309' title='bbox 1528 3870 1607 3926; x_wconf 85' lang='grc' dir='ltr'>προς·</span> 
     </span>
     <span class='ocr_line' id='line_1_34' title="bbox 276 3936 1608 4017; baseline -0.002 -21"><span class='ocrx_word' id='word_1_310' title='bbox 276 3961 323 4010; x_wconf 78' lang='lat' dir='ltr'>per</span> <span class='ocrx_word' id='word_1_311' title='bbox 352 3949 458 3996; x_wconf 75' lang='lat' dir='ltr'>ordines</span> <span class='ocrx_word' id='word_1_312' title='bbox 486 3949 600 4010; x_wconf 68' lang='lat' dir='ltr'>digestos</span> <span class='ocrx_word' id='word_1_313' title='bbox 629 3958 653 3998; x_wconf 84' lang='lat' dir='ltr'>et</span> <span class='ocrx_word' id='word_1_314' title='bbox 682 3953 879 4014; x_wconf 71' lang='lat' dir='ltr'>congressiones</span> <span class='ocrx_word' id='word_1_315' title='bbox 928 3936 1007 4004; x_wconf 79' lang='grc' dir='ltr'>ὅολδις</span> <span class='ocrx_word' id='word_1_316' title='bbox 1024 3938 1163 4015; x_wconf 77' lang='grc' dir='ltr'>γινομένας</span> <span class='ocrx_word' id='word_1_317' title='bbox 1175 3939 1220 3997; x_wconf 81' lang='grc' dir='ltr'>καὶ</span> <span class='ocrx_word' id='word_1_318' title='bbox 1233 3939 1401 4017; x_wconf 76' lang='grc' dir='ltr'>καταδρομὰς</span> <span class='ocrx_word' id='word_1_319' title='bbox 1414 3937 1545 4016; x_wconf 77' lang='grc' dir='ltr'>ἑκατέρων</span> <span class='ocrx_word' id='word_1_320' title='bbox 1561 3937 1608 3995; x_wconf 82' lang='grc' dir='ltr'>καὶ</span> 
     </span>
     <span class='ocr_line' id='line_1_35' title="bbox 274 4024 1610 4103; baseline 0 -21"><span class='ocrx_word' id='word_1_321' title='bbox 274 4037 475 4100; x_wconf 67' lang='lat' dir='ltr'>periremus,</span> <span class='ocrx_word' id='word_1_322' title='bbox 493 4045 516 4084; x_wconf 88' lang='lat' dir='ltr'>et</span> <span class='ocrx_word' id='word_1_323' title='bbox 536 4045 669 4086; x_wconf 85' lang='lat' dir='ltr'>scutorum</span> <span class='ocrx_word' id='word_1_324' title='bbox 689 4047 772 4088; x_wconf 84' lang='lat' dir='ltr'>motus</span> <span class='ocrx_word' id='word_1_325' title='bbox 790 4046 880 4102; x_wconf 79' lang='grc' dir='ltr'>οιριι-</span> <span class='ocrx_word' id='word_1_326' title='bbox 928 4027 1044 4085; x_wconf 80' lang='grc' dir='ltr'>ἀσπίδων</span> <span class='ocrx_word' id='word_1_327' title='bbox 1075 4027 1190 4098; x_wconf 74' lang='grc' dir='ltr'>κινήσεις</span> <span class='ocrx_word' id='word_1_328' title='bbox 1212 4030 1257 4086; x_wconf 81' lang='grc' dir='ltr'>καὶ</span> <span class='ocrx_word' id='word_1_329' title='bbox 1285 4030 1416 4103; x_wconf 65' lang='grc' dir='ltr'>καμάκων</span> <span class='ocrx_word' id='word_1_330' title='bbox 1443 4026 1532 4097; x_wconf 79' lang='grc' dir='ltr'>πλήθη</span> <span class='ocrx_word' id='word_1_331' title='bbox 1562 4024 1610 4083; x_wconf 84' lang='grc' dir='ltr'>καὶ</span> 
     </span>
     <span class='ocr_line' id='line_1_36' title="bbox 277 4113 1609 4195; baseline 0.001 -25"><span class='ocrx_word' id='word_1_332' title='bbox 277 4123 880 4188; x_wconf 80' lang='lat' dir='ltr'>lectorumututtttudiuemplurliisdistrictis</span> <span class='ocrx_word' id='word_1_333' title='bbox 928 4118 1068 4194; x_wconf 77' lang='grc' dir='ltr'>μαχαιρῶν</span> <span class='ocrx_word' id='word_1_334' title='bbox 1097 4115 1236 4191; x_wconf 76' lang='grc' dir='ltr'>σπασμοὺς</span> <span class='ocrx_word' id='word_1_335' title='bbox 1266 4117 1311 4175; x_wconf 77' lang='grc' dir='ltr'>καὶ</span> <span class='ocrx_word' id='word_1_336' title='bbox 1340 4119 1425 4195; x_wconf 83' lang='grc' dir='ltr'>βελῶν</span> <span class='ocrx_word' id='word_1_337' title='bbox 1456 4114 1535 4194; x_wconf 81' lang='grc' dir='ltr'>βολδς</span> <span class='ocrx_word' id='word_1_338' title='bbox 1563 4113 1609 4173; x_wconf 80' lang='grc' dir='ltr'>καὶ</span> 
     </span>
     <span class='ocr_line' id='line_1_37' title="bbox 275 4205 1610 4286; baseline 0.001 -26"><span class='ocrx_word' id='word_1_339' title='bbox 275 4219 297 4260; x_wconf 85' lang='lat' dir='ltr'>et</span> <span class='ocrx_word' id='word_1_340' title='bbox 314 4211 426 4261; x_wconf 83' lang='lat' dir='ltr'>telorum</span> <span class='ocrx_word' id='word_1_341' title='bbox 442 4213 526 4261; x_wconf 80' lang='lat' dir='ltr'>tuctus</span> <span class='ocrx_word' id='word_1_342' title='bbox 542 4221 565 4261; x_wconf 83' lang='lat' dir='ltr'>ct</span> <span class='ocrx_word' id='word_1_343' title='bbox 586 4229 729 4264; x_wconf 74' lang='lat' dir='ltr'>citreorum</span> <span class='ocrx_word' id='word_1_344' title='bbox 745 4231 881 4265; x_wconf 82' lang='lat' dir='ltr'>urmorum-</span> <span class='ocrx_word' id='word_1_345' title='bbox 926 4208 1034 4284; x_wconf 81' lang='grc' dir='ltr'>χρυσῶν</span> <span class='ocrx_word' id='word_1_346' title='bbox 1069 4205 1177 4281; x_wconf 80' lang='grc' dir='ltr'>κόσμων</span> <span class='ocrx_word' id='word_1_347' title='bbox 1213 4207 1357 4286; x_wconf 64' lang='lat' dir='ltr'>{allapsu</span> <span class='ocrx_word' id='word_1_348' title='bbox 1390 4206 1436 4264; x_wconf 79' lang='grc' dir='ltr'>καὶ</span> <span class='ocrx_word' id='word_1_349' title='bbox 1469 4205 1610 4270; x_wconf 87' lang='grc' dir='ltr'>παντοίους</span> 
     </span>
     <span class='ocr_line' id='line_1_38' title="bbox 275 4294 1609 4372; baseline 0.001 -22"><span class='ocrx_word' id='word_1_350' title='bbox 275 4299 442 4366; x_wconf 82' lang='lat' dir='ltr'>splcudorcm</span> <span class='ocrx_word' id='word_1_351' title='bbox 477 4304 613 4366; x_wconf 79' lang='lat' dir='ltr'>omnisque</span> <span class='ocrx_word' id='word_1_352' title='bbox 645 4307 750 4366; x_wconf 78' lang='lat' dir='ltr'>pencris</span> <span class='ocrx_word' id='word_1_353' title='bbox 782 4305 881 4355; x_wconf 77' lang='lat' dir='ltr'>torica—</span> <span class='ocrx_word' id='word_1_354' title='bbox 928 4294 1122 4371; x_wconf 76' lang='grc' dir='ltr'>θωρακισριούς.</span> <span class='ocrx_word' id='word_1_355' title='bbox 1138 4299 1166 4354; x_wconf 83' lang='lat' dir='ltr'>l.</span> <span class='ocrx_word' id='word_1_356' title='bbox 1182 4294 1230 4352; x_wconf 73' lang='grc' dir='ltr'>Διὸ</span> <span class='ocrx_word' id='word_1_357' title='bbox 1243 4295 1341 4362; x_wconf 80' lang='grc' dir='ltr'>πάντες</span> <span class='ocrx_word' id='word_1_358' title='bbox 1352 4294 1440 4365; x_wconf 78' lang='grc' dir='ltr'>ἠξίουν</span> <span class='ocrx_word' id='word_1_359' title='bbox 1458 4296 1501 4352; x_wconf 79' lang='grc' dir='ltr'>ἐπ’</span> <span class='ocrx_word' id='word_1_360' title='bbox 1516 4296 1609 4372; x_wconf 80' lang='grc' dir='ltr'>ἀγαθῷ</span> 
     </span>
     <span class='ocr_line' id='line_1_39' title="bbox 276 4381 1295 4462; baseline -0.001 -23"><span class='ocrx_word' id='word_1_361' title='bbox 276 4406 345 4440; x_wconf 82' lang='grc' dir='ltr'>νιιιιι.</span> <span class='ocrx_word' id='word_1_362' title='bbox 373 4391 397 4441; x_wconf 83' lang='lat' dir='ltr'>t.</span> <span class='ocrx_word' id='word_1_363' title='bbox 417 4393 584 4457; x_wconf 81' lang='lat' dir='ltr'>Quapropter</span> <span class='ocrx_word' id='word_1_364' title='bbox 599 4407 686 4442; x_wconf 80' lang='lat' dir='ltr'>omues</span> <span class='ocrx_word' id='word_1_365' title='bbox 702 4395 834 4458; x_wconf 72' lang='lat' dir='ltr'>rogabant</span> <span class='ocrx_word' id='word_1_366' title='bbox 853 4397 882 4444; x_wconf 83' lang='lat' dir='ltr'>iu</span> <span class='ocrx_word' id='word_1_367' title='bbox 929 4381 977 4454; x_wconf 73' lang='grc' dir='ltr'>τὴν</span> <span class='ocrx_word' id='word_1_368' title='bbox 993 4384 1147 4462; x_wconf 75' lang='grc' dir='ltr'>ἐπιφάνειαν</span> <span class='ocrx_word' id='word_1_369' title='bbox 1161 4384 1295 4461; x_wconf 72' lang='grc' dir='ltr'>γενέσθαι.</span> 
     </span>
     <span class='ocr_line' id='line_1_40' title="bbox 278 4483 647 4533; baseline 0.008 -4"><span class='ocrx_word' id='word_1_370' title='bbox 278 4483 373 4530; x_wconf 79' lang='lat' dir='ltr'>boutuu</span> <span class='ocrx_word' id='word_1_371' title='bbox 387 4489 505 4532; x_wconf 85' lang='lat' dir='ltr'>monstra</span> <span class='ocrx_word' id='word_1_372' title='bbox 520 4485 647 4533; x_wconf 83' lang='lat' dir='ltr'>conuerti.</span> 
     </span>
    </p>

    <p class='ocr_par' dir='ltr' id='par_1_8' title="bbox 278 4561 1607 4820">
     <span class='ocr_line' id='line_1_41' title="bbox 314 4561 1607 4640; baseline -0.002 -21"><span class='ocrx_word' id='word_1_373' title='bbox 314 4573 338 4619; x_wconf 85' lang='lat'>5.</span> <span class='ocrx_word' id='word_1_374' title='bbox 369 4572 418 4618; x_wconf 80' lang='lat' dir='ltr'>Sed</span> <span class='ocrx_word' id='word_1_375' title='bbox 448 4585 504 4622; x_wconf 81' lang='lat' dir='ltr'>rum</span> <span class='ocrx_word' id='word_1_376' title='bbox 536 4571 622 4636; x_wconf 73' lang='lat' dir='ltr'>soltus</span> <span class='ocrx_word' id='word_1_377' title='bbox 652 4587 741 4622; x_wconf 84' lang='lat' dir='ltr'>rumor</span> <span class='ocrx_word' id='word_1_378' title='bbox 771 4575 880 4633; x_wconf 72' lang='lat' dir='ltr'>exisset,</span> <span class='ocrx_word' id='word_1_379' title='bbox 970 4565 998 4620; x_wconf 77' lang='grc' dir='ltr'>ὅ.</span> <span class='ocrx_word' id='word_1_380' title='bbox 1018 4561 1163 4636; x_wconf 83' lang='grc' dir='ltr'>Γενομένης</span> <span class='ocrx_word' id='word_1_381' title='bbox 1178 4561 1205 4620; x_wconf 75' lang='grc' dir='ltr'>δὲ</span> <span class='ocrx_word' id='word_1_382' title='bbox 1219 4563 1312 4628; x_wconf 73' lang='grc' dir='ltr'>λαλιᾶς</span> <span class='ocrx_word' id='word_1_383' title='bbox 1329 4562 1439 4640; x_wconf 75' lang='grc' dir='ltr'>ψευδοῦς</span> <span class='ocrx_word' id='word_1_384' title='bbox 1452 4565 1487 4627; x_wconf 87' lang='grc' dir='ltr'>ὡς</span> <span class='ocrx_word' id='word_1_385' title='bbox 1502 4561 1607 4635; x_wconf 87' lang='grc' dir='ltr'>μετηλ-</span> 
     </span>
     <span class='ocr_line' id='line_1_42' title="bbox 279 4647 1606 4730; baseline 0 -24"><span class='ocrx_word' id='word_1_386' title='bbox 279 4667 410 4720; x_wconf 75' lang='grc' dir='ltr'>ιιινιιριισιιι</span> <span class='ocrx_word' id='word_1_387' title='bbox 430 4662 484 4709; x_wconf 81' lang='lat' dir='ltr'>ritu</span> <span class='ocrx_word' id='word_1_388' title='bbox 499 4663 646 4710; x_wconf 73' lang='lat' dir='ltr'>excessisset</span> <span class='ocrx_word' id='word_1_389' title='bbox 665 4663 820 4718; x_wconf 80' lang='lat' dir='ltr'>Antiochus,</span> <span class='ocrx_word' id='word_1_390' title='bbox 837 4677 882 4710; x_wconf 86' lang='lat' dir='ltr'>us·</span> <span class='ocrx_word' id='word_1_391' title='bbox 929 4650 1041 4729; x_wconf 82' lang='grc' dir='ltr'>λαχότος</span> <span class='ocrx_word' id='word_1_392' title='bbox 1068 4649 1111 4708; x_wconf 86' lang='grc' dir='ltr'>τδν</span> <span class='ocrx_word' id='word_1_393' title='bbox 1142 4650 1198 4728; x_wconf 74' lang='grc' dir='ltr'>βίον</span> <span class='ocrx_word' id='word_1_394' title='bbox 1227 4650 1370 4730; x_wconf 78' lang='grc' dir='ltr'>Ἀντιόχου,</span> <span class='ocrx_word' id='word_1_395' title='bbox 1399 4647 1564 4727; x_wconf 64' lang='lat' dir='ltr'>nepotatio</span> <span class='ocrx_word' id='word_1_396' title='bbox 1592 4651 1606 4706; x_wconf 83' lang='grc' dir='ltr'>δ</span> 
     </span>
     <span class='ocr_line' id='line_1_43' title="bbox 278 4737 1606 4820; baseline 0.002 -27"><span class='ocrx_word' id='word_1_397' title='bbox 278 4749 390 4810; x_wconf 80' lang='lat' dir='ltr'>sutnptis</span> <span class='ocrx_word' id='word_1_398' title='bbox 413 4754 572 4798; x_wconf 72' lang='lat' dir='ltr'>laconum</span> <span class='ocrx_word' id='word_1_399' title='bbox 597 4753 684 4799; x_wconf 81' lang='lat' dir='ltr'>mtnrts</span> <span class='ocrx_word' id='word_1_400' title='bbox 713 4751 787 4800; x_wconf 76' lang='lat' dir='ltr'>mitte</span> <span class='ocrx_word' id='word_1_401' title='bbox 816 4753 882 4800; x_wconf 78' lang='lat' dir='ltr'>utris</span> <span class='ocrx_word' id='word_1_402' title='bbox 930 4738 1024 4800; x_wconf 75' lang='grc' dir='ltr'>Ἰάσων</span> <span class='ocrx_word' id='word_1_403' title='bbox 1037 4741 1085 4798; x_wconf 82' lang='grc' dir='ltr'>οὐκ</span> <span class='ocrx_word' id='word_1_404' title='bbox 1098 4740 1220 4804; x_wconf 82' lang='grc' dir='ltr'>ἐλάττους</span> <span class='ocrx_word' id='word_1_405' title='bbox 1234 4741 1286 4798; x_wconf 84' lang='grc' dir='ltr'>τῶν</span> <span class='ocrx_word' id='word_1_406' title='bbox 1300 4740 1394 4820; x_wconf 84' lang='grc' dir='ltr'>’χιλίων</span> <span class='ocrx_word' id='word_1_407' title='bbox 1413 4738 1547 4819; x_wconf 79' lang='grc' dir='ltr'>αἰφνιδίως</span> <span class='ocrx_word' id='word_1_408' title='bbox 1561 4737 1606 4796; x_wconf 70' lang='grc' dir='ltr'>ἐπὶ</span> 
     </span>
    </p>
   </div>
   <div class='ocr_carea' id='block_1_8' title="bbox 0 0 1831 5367">
    <p class='ocr_par' dir='ltr' id='par_1_9' title="bbox 0 0 1831 5367">
     <span class='ocr_line' id='line_1_44' title="bbox 0 0 1831 5367; baseline 0 0"><span class='ocrx_word' id='word_1_409' title='bbox 0 0 1831 5367; x_wconf 95' lang='lat' dir='ltr'> </span> 
     </span>
    </p>
   </div>
  </div>
 </body>
</html>
