3625 5367
757 333 785 391 a.
811 350 901 393 naeu.
925 333 1042 405 aare.
1508 334 1564 393 aar

236 486 289 549 oia
304 489 413 569 ὀλίγων
430 490 460 549 δὲ
476 488 641 565 πτωμάτων
659 494 717 550 τῶν
727 490 878 566 πολεμίων
895 490 1022 551 {ceretro
1035 492 1151 565 πλήθη,
1169 486 1191 548 S
1209 501 1216 547 Ζ
1233 488 1266 548 et
1281 481 1363 548 n'cit
1374 481 1411 547 in
1426 482 1520 550 bello
1535 488 1569 550 et

232 586 357 655 occidit
373 588 507 654 multos.
526 592 606 653 Post
620 598 823 677 τροπούμενσς
838 590 1029 657 necessario
1047 588 1237 678 requiritur
1250 588 1392 656 verbum
1418 589 1566 657 finitum.

235 698 318 761 Nam
343 694 436 785 quod
457 695 514 762 Gr.
542 695 628 777 vult,
649 694 716 762 duo
735 694 797 761 illa
816 695 1000 785 partieipia
1027 718 1100 763 esse
1116 695 1270 785 protasin
1285 694 1330 760 ad
1343 716 1377 761 ν.
1395 702 1415 759 7
1433 694 1570 763 admitti
1658 766 1662 771 ,
1692 711 1791 811 ²:

237 803 356 891 nequit
374 823 380 866 :
397 806 432 866 et
445 799 474 867 si
495 801 572 868 loca
587 802 780 891 occupabat
796 808 831 869 et
846 804 960 869 hostes
983 802 1020 868 in
1040 803 1161 889 lugam
1179 800 1396 881 coniieiebat,
1411 801 1455 868 ad
1479 802 1569 870 eius·

235 906 327 973 modi
342 906 484 973 consilia
498 907 791 991 nocteutobatur;
809 930 891 1003 nam
907 910 994 976 haec
1014 910 1185 977 sententia
1204 914 1323 998 aptum
1343 929 1485 975 sensum
1503 909 1567 975 mi·
1665 910 1668 914 ’
1700 883 1790 997 J

232 1012 325 1079 nime
340 1035 423 1101 prae
435 1035 470 1081 se
486 1015 562 1081 lert.
581 1017 666 1081 Loca
682 1014 811 1104 quippe
831 1036 1012 1105 occupare,
1030 1018 1144 1083 hostes
1162 1015 1284 1101 fugare
1301 1036 1382 1103 pars
1396 1020 1446 1082 est
1466 1037 1568 1104 prae-

233 1118 335 1209 cipua
365 1120 554 1187 sententiae
578 1125 613 1187 et
636 1120 766 1188 directe
797 1121 983 1207 efferenda,
1016 1145 1089 1190 non
1117 1127 1232 1190 autem
1264 1120 1363 1212 quasi
1393 1120 1564 1210 quaedam

232 1225 384 1292 conditio
399 1226 599 1317 temporalis
617 1226 719 1293 alteri
743 1230 932 1296 sententiae
954 1229 1229 1297 subordinanda.
1249 1232 1336 1294 Naee
1356 1228 1463 1295 altera
1485 1249 1563 1295 sen-

234 1332 340 1399 tentia
355 1332 467 1422 potius
482 1332 687 1419 adiungitur
704 1334 875 1402 rationem
895 1336 1055 1418 reddens,
1072 1358 1134 1403 cur
1154 1336 1232 1401 loca
1252 1356 1432 1423 occupare,
1449 1334 1565 1401 hostes

231 1439 353 1525 fugare
376 1440 408 1506 ei
426 1461 589 1528 prospere
611 1442 761 1521 cesserit,
786 1440 860 1507 scil.
887 1442 973 1531 quio
1000 1443 1189 1533 prudenter
1211 1444 1312 1507 nocte
1333 1440 1497 1509 utebatur
1517 1440 1563 1506 ad
1618 1491 1620 1494 -

232 1543 399 1612 eiusmodi
412 1546 635 1615 incursiones,

276 1650 472 1718 Periculum
496 1650 722 1720 dominationi
748 1654 866 1741 regiae
890 1654 1076 1722 imminens
1101 1654 1272 1721 nuntiavit
1291 1652 1472 1743 Philippus
1490 1648 1583 1736 ille,¹

232 1758 274 1824 de
289 1780 359 1849 quo
381 1750 472 1838 522,
493 1758 699 1842 Ptolemaeo,
717 1760 796 1827 duci
817 1759 1029 1849 coelesyriae
1049 1767 1082 1828 et
1100 1761 1300 1841 Phoenices,
1322 1759 1424 1827 simul
1442 1765 1564 1850 postu-

230 1863 319 1945 lans,
337 1869 374 1931 ut
397 1864 615 1933 mitterentur
629 1864 747 1956 copiae
764 1866 809 1934 ad
831 1867 977 1936 ludaeos
996 1868 1143 1935 rebelles
1163 1867 1419 1957 opprimendos.
1435 1867 1488 1932 Uti
1511 1887 1564 1932 res

228 1970 303 2060 ipsa
315 1970 435 2037 suadet
450 1974 484 2036 et
497 1971 737 2058 uticolligitur
751 1996 791 2039 er
806 1980 822 2039 1
840 1976 947 2041 Nach.
966 1981 1058 2056 3,38,
1077 1974 1289 2041 Ptolemaeus
1303 1995 1375 2039 rem
1391 1971 1564 2040 nuntiavit
1620 1997 1622 2002 ·
1724 2052 1794 2085 N

230 2078 358 2164 Lysiae,
376 2096 480 2165 quem
498 2076 687 2144 Antiochus
704 2080 919 2167 proiecturus
934 2080 970 2146 in
992 2080 1162 2148 Persidem
1182 2080 1283 2167 regni
1303 2070 1562 2146 administrato·

230 2204 303 2250 rem
322 2204 400 2250 cum
420 2186 517 2272 parte
538 2183 703 2250 exercitus
726 2185 916 2274 reliquerat
944 2188 976 2275 (1
1004 2189 1109 2254 Nach.
1135 2193 1215 2269 aaa
1237 2186 1324 2276 seq.)
1348 2185 1560 2252 Ptolemaeus

229 2294 344 2357 autem
363 2291 478 2356 statim
497 2288 658 2356 velociter
676 2290 766 2357 misit
788 2292 991 2359 Nicanorem
1014 2314 1093 2358 curn
1122 2292 1244 2377 viginti
1268 2290 1433 2357 millibus.
1463 2290 1559 2368 Quod

231 2404 245 2463 1
273 2396 379 2463 Nach.
404 2402 483 2479 3,38
505 2418 576 2485 seq.
599 2402 774 2478 narratur,
798 2397 899 2464 facile
923 2419 1002 2464 cum
1027 2398 1091 2465 hae
1115 2398 1329 2465 narratione·
1343 2396 1555 2463 conciliatur.

228 2502 342 2590 Lysias
352 2503 444 2569 enim
461 2502 554 2569 dere
572 2508 606 2569 et
620 2502 815 2570 conditione
835 2505 963 2570 certior
976 2506 1096 2586 lactus,
1113 2526 1184 2569 non
1208 2504 1319 2570 solum
1336 2502 1554 2592 approbavit,

228 2609 321 2699 qnod
341 2608 553 2677 Ptolemaeus
570 2609 661 2688 lecit,
680 2631 801 2676 verum
815 2610 918 2677 etiam
932 2610 1049 2700 plures
1063 2611 1179 2701 copias
1196 2609 1380 2676 mittendas
1395 2630 1467 2675 esse
1480 2631 1558 2674 cen-

228 2715 307 2797 suit,
335 2714 428 2782 unde
451 2721 483 2781 et
510 2716 621 2803 ipsum
646 2716 878 2784 Ptolemaeum
910 2739 987 2783 cum
1015 2718 1090 2784 aliis
1119 2717 1240 2803 viginti
1272 2715 1425 2783 millibus
1451 2714 1555 2783 misit.

227 2821 385 2889 Maiorem
401 2822 537 2889 mittere
552 2821 740 2889 exercitum
764 2845 804 2889 eo
818 2823 931 2911 magis
952 2832 1024 2891 erat
1040 2823 1246 2903 consultum,
1271 2825 1351 2912 quia
1376 2822 1558 2912 Apollonio
1648 2870 1651 2877 -

227 2934 260 2994 et
272 2934 398 2996 Serone
412 2928 552 2994 devictis
572 2930 602 3017 (1
620 2930 723 2995 Nach.
742 2931 895 3018 &tt-Pi)
910 2937 944 2996 et
956 2932 1047 3017 regis
1060 2931 1224 2998 mandato
1239 2934 1383 3017 urgente
1398 2931 1428 3017 (1
1451 2928 1554 2995 Nach.

227 3040 317 3117 3³2⁷·
334 3034 389 3123 35)
404 3056 539 3101 necesse
554 3040 629 3102 erat
640 3035 778 3126 penitus
794 3042 1013 3127 prosternere
1026 3039 1178 3106 ludaeos·
1197 3036 1287 3105 Vidit
1304 3036 1483 3127 Phiiippus
1502 3040 1558 3102 lu-

226 3143 306 3209 dam
326 3142 541 3209 incrementa
555 3164 677 3231 capere
691 3143 906 3231 frequentius
921 3154 1116 3231 προόαίνοντα
1138 3152 1168 3212 ἐν
1183 3162 1250 3224 ταῖς
1272 3152 1446 3230 εὒημερίαις
1463 3165 1558 3233 pros-

216 3271 308 3339 ·pero
335 3271 446 3317 rerum
473 3269 645 3327 successu;
664 3255 808 3337 atapepte
830 3249 902 3316 dies
925 3251 1075 3331 faustus3
1099 3271 1178 3316 eum
1200 3250 1317 3338 itaque
1341 3249 1503 3337 progredi
1519 3249 1556 3313 in

226 3356 348 3422 diebus
368 3354 497 3433 faustis,
514 3358 635 3420 cuncta
656 3354 753 3443 quasi
780 3354 811 3420 ei
835 3354 925 3421 benc
949 3356 1070 3421 cedere
1090 3378 1123 3421 v.
1148 3361 1180 3421 8.
1196 3358 1241 3421 De
1262 3354 1458 3421 Ptolemaeo
1471 3355 1514 3419 ct.
1536 3361 1550 3418 1

225 3463 329 3529 Nach.
348 3468 444 3543 3,38;
461 3461 534 3550 ipse
552 3459 711 3526 celeriter
727 3467 995 3549 προχειρισάμενος
1008 3461 1175 3529 electione
1191 3461 1281 3528 iacta
1297 3461 1354 3550 (ci.
1373 3460 1443 3545 3,7)
1464 3461 1555 3526 misit
1625 3448 1630 3451 ’

224 3570 440 3649 Nicanorem,
457 3567 566 3635 filium
587 3567 742 3648 Patrocli,
762 3589 869 3634 unum
886 3590 927 3634 ex
947 3568 1069 3658 primis
1086 3566 1206 3635 amicis
1227 3568 1318 3654 regis
1332 3569 1388 3655 (el.
1411 3575 1426 3633 1
1445 3569 1552 3634 Nach.

224 3676 338 3763 2,18);
355 3683 520 3762 παμφύλων
541 3684 608 3758 ἔθνη
627 3678 758 3740 turmas
781 3674 931 3742 militum
947 3696 986 3740 ex
1008 3675 1104 3741 omni
1119 3676 1275 3760 gentium
1299 3695 1425 3761 genere
1447 3673 1554 3739 eolle-

223 3790 297 3850 ctas
317 3783 348 3849 ei
368 3780 536 3861 subdidit3
559 3779 602 3846 de
617 3778 784 3846 Nicanore
805 3787 838 3847 et
854 3780 978 3868 Gorgia
992 3782 1035 3847 cl.
1055 3789 1069 3848 1
1095 3782 1200 3848 Nach.
1219 3787 1299 3861 3,1a
1320 3802 1390 3869 seq.
1413 3779 1555 3847 ludaeos

223 3888 386 3956 facillime
403 3907 606 3979 oppressum
620 3885 663 3951 iri
680 3886 841 3954 Nicanori
858 3895 933 3954 erat
948 3910 1160 3978 persuasum.
1177 3887 1269 3954 Unde
1285 3896 1455 3969 διεστήσατε
1469 3908 1499 3954 ν.
1516 3894 1556 3954 10

224 3994 290 4060 sibi
309 3996 486 4063 constituit
499 3994 568 4062 duo
584 3992 695 4059 mittin
710 3993 935 4075 talentorum,
953 3997 976 4061 i.
998 4018 1027 4061 e.
1051 3994 1220 4061 tributum
1238 3993 1330 4083 quod
1357 4016 1413 4060 rex
1435 3999 1557 4062 Roma·

224 4102 276 4167 nis
290 4101 452 4184 debebat,
467 4100 544 4188 regi
562 4100 741 4188 acquirere
755 4124 795 4167 ex
810 4100 1008 4169 venditione
1035 4100 1239 4169 ludaeorum
1264 4100 1301 4168 in
1322 4101 1416 4168 bello
1438 4106 1558 4191 capto-

224 4229 312 4273 rum,
339 4209 431 4286 Quod
454 4208 491 4275 in
514 4214 567 4275 19.
592 4212 646 4271 62.
675 4211 728 4275 lii.
756 4216 798 4276 93
826 4208 977 4275 habetur
999 4220 1041 4295 τῷ
1068 4207 1187 4289 βασιλέϊ
1218 4220 1267 4277 τὶν
1303 4216 1390 4297 φέρεν
1420 4208 1555 4274 lucilius

222 4312 434 4402 intelligitur
456 4316 529 4383 scil.
554 4316 629 4403 regi
654 4317 817 4406 supplere
852 4314 1019 4383 tributum
1052 4316 1209 4382 itomanis
1233 4314 1404 4391 debitun13
1432 4312 1553 4379 eodem
1641 4318 1646 4321 ’
1703 4344 1770 4426 p

224 4421 326 4488 modo
340 4422 518 4489 collocatio
534 4426 763 4491 communiter
777 4429 916 4509 recepta
931 4420 1134 4511 explicanda
1147 4426 1198 4487 est
1212 4432 1261 4487 :ta
1276 4428 1363 4507 φέρεν
1379 4429 1420 4506 τῷ
1435 4426 1555 4499 βασιλεῖ

223 4527 310 4615 (scil.
335 4530 552 4618 ἐκπληρώσω)
576 4538 608 4598 et
631 4530 773 4599 additur
794 4527 1035 4595 determinatio
1058 4550 1118 4593 seu
1146 4525 1316 4616 appositio
1340 4524 1485 4591 ulterior
1507 4524 1552 4591 ad
1614 4542 1618 4550 '

222 4640 310 4723 piper
325 4652 388 4716 τοῖς
408 4638 571 4722 Ῥωμαίοις
586 4646 665 4717 ἕντι,
684 4649 725 4725 τῷ
745 4644 862 4717 βασιλεῖ
878 4635 996 4701 referri
1012 4633 1116 4700 debet
1129 4633 1174 4700 ud
1192 4634 1408 4720 ὲκπληρώσειν.
1424 4631 1550 4698 Viden-

220 4749 277 4807 tur
292 4742 377 4809 haec
398 4744 527 4811 talenta
550 4744 669 4811 reterri
691 4743 733 4810 ad
756 4742 919 4809 mulctam
936 4762 1038 4830 quarn
1063 4742 1205 4808 Romani
1231 4739 1468 4827 imposuerant
1482 4743 1552 4804 rtu-
1649 4744 1680 4789 ’τ’
