3625 5367
291 325 351 384 240
792 325 818 381 1.
845 340 935 383 arnon.
963 327 1120 396 ll,⁶23-Rt.

290 479 405 565 reptos
427 479 460 540 et
479 495 568 564 quae
592 474 824 562 postulassent
846 496 917 540 esse
941 477 1049 542 relata
1068 486 1098 543 ἐν
1118 494 1180 556 ταῖς
1207 481 1463 564 ἀποδεδειγμένοις
1478 478 1516 546 in
1540 481 1624 548 actis

272 567 348 648 'vel
368 580 503 670 seriptis
516 582 595 647 usui
610 579 751 669 publico
770 586 802 647 et
818 581 1006 668 cognitioni
1021 581 1209 662 destinatis
1227 593 1266 650 ut
1287 584 1453 652 memoria
1473 585 1521 652 rei
1540 609 1623 654 cou-

290 693 496 755 servaretur.
511 688 713 777 Exemplum
734 709 852 753 eorum
872 691 1142 778 transsumptum
1163 690 1268 756 etiam
1288 691 1420 758 Simoni
1435 691 1620 777 miserunt3

290 801 463 884 ἐγράψαμεν
484 794 629 883 praebet
648 816 829 884 equoque,
849 805 982 883 ἔγραψαν
998 799 1029 875 S,
1048 803 1086 879 Α,
1107 801 1148 864 ta
1168 796 1214 863 al.
1232 807 1350 886 ἔγραψα
1366 824 1385 871 a
1409 805 1462 867 19.
1486 805 1539 866 55.
1557 799 1622 867 Sed

291 902 379 968 hene
396 900 557 987 congruit
570 900 782 991 scripsimus,
799 901 878 968 stilo
896 903 969 969 scil.
987 902 1172 991 epistolari.
1191 909 1229 970 In
1253 903 1346 971 hisce
1367 904 1490 972 litteris
1511 928 1551 974 ea
1572 908 1622 972 el-

290 1010 460 1089 leruntnr,
480 1031 568 1097 quae
581 1008 617 1074 in
631 1008 693 1074 illa
707 1007 887 1076 occasione
898 1009 1089 1098 exspectari
1103 1014 1275 1100 poterant.
1294 1015 1438 1098 Legatos
1456 1034 1527 1080 esse
1542 1035 1620 1080 cum

289 1115 419 1182 honore
434 1121 626 1205 susceptos3
643 1114 797 1204 aperitur
810 1120 843 1182 et
852 1114 1013 1181 asseritur
1025 1116 1146 1205 populi
1157 1117 1195 1182 in
1206 1117 1347 1184 ludaeos
1361 1117 1618 1202 benevolentia;

291 1222 401 1289 relata
416 1244 489 1289 esse
501 1222 538 1288 in
559 1221 792 1310 actapublice
812 1243 900 1312 quae
917 1221 1023 1307 legati
1037 1221 1233 1304 detulerint,
1252 1229 1289 1290 ut
1304 1224 1354 1289 rei
1374 1227 1542 1291 memoria
1556 1225 1620 1292 ha-

210 1381 214 1386 ,
289 1331 444 1408 bererum
468 1350 551 1414 ergo
578 1351 619 1396 eo
648 1329 723 1417 ipso
753 1332 886 1394 constat
913 1329 1123 1415 legationem
1149 1329 1246 1396 illam
1276 1330 1489 1420 propositum
1517 1332 1620 1423 plene

287 1435 507 1524 adimplesse.
531 1441 646 1524 Neque
669 1434 741 1500 ullo
761 1441 863 1523 pacto
887 1456 926 1500 ex
951 1442 1155 1524 argumento
1181 1436 1346 1525 epistolae
1371 1436 1488 1523 colligi
1509 1443 1621 1528 potest

288 1565 364 1609 eam
381 1563 451 1608 esse
468 1540 560 1608 hand
582 1540 762 1621 sinceram,
781 1540 840 1607 sed
854 1541 1047 1609 confictam.

333 1650 429 1726 Quod
444 1649 481 1715 in
496 1671 529 1716 v.
547 1653 589 1714 Ns
605 1648 735 1736 legitur
750 1650 824 1732 μετὰ
840 1667 945 1729 ταῦτα,
966 1661 1042 1738 post
1059 1648 1140 1714 hoec
1155 1650 1276 1716 saltem
1290 1650 1355 1717 hoc
1377 1650 1451 1717 loco
1468 1651 1617 1740 positum

287 1779 390 1842 aegre
406 1761 519 1846 potest
534 1755 693 1842 intelligi.
709 1760 793 1820 Nam
808 1756 843 1820 in
859 1777 891 1822 v.
916 1763 955 1821 19
971 1757 1039 1821 iam
1056 1755 1251 1842 assignatur
1266 1763 1401 1846 tempus
1422 1778 1490 1845 quo
1513 1757 1620 1844 legati

287 1864 430 1930 domum
444 1863 572 1930 reversi
586 1867 683 1940 suut;
701 1862 737 1926 in
752 1884 785 1926 v.
802 1867 843 1927 16
862 1862 938 1950 ipsa
957 1861 1178 1928 collocatione
1195 1862 1359 1929 suadetur
1376 1862 1508 1949 legatos
1524 1865 1620 1954 prius

287 1975 431 2038 Romam
446 1968 617 2057 profectos
630 1989 703 2032 esse
714 1973 748 2032 et
765 1967 947 2034 redeuntes
958 1967 1003 2033 ad
1015 1968 1203 2057 Spartiates
1218 1968 1406 2052 divertisse,
1420 1969 1507 2036 sicut
1517 1976 1619 2037 antea

287 2079 483 2143 factumest
501 2079 613 2155 12,16.
639 2079 678 2139 17
689 2095 696 2154 ;
715 2095 823 2162 quare
842 2072 931 2138 illud
951 2085 1029 2162 post
1050 2074 1132 2140 haec
1155 2077 1289 2142 nonita
1310 2075 1422 2165 accipi
1440 2082 1561 2166 potest,
1579 2085 1619 2144 ut

286 2188 363 2274 post
374 2182 585 2269 legationem
605 2178 700 2270 apud
715 2179 902 2268 Spartiates
919 2180 1110 2247 absolutam
1131 2186 1274 2249 Romam
1288 2181 1447 2249 adierint.
1469 2183 1506 2248 ld
1523 2205 1618 2250 exeo

234 2359 239 2366 ,
286 2314 422 2380 quoque
435 2286 665 2378 improbabile
680 2285 825 2367 videtur,
840 2286 922 2376 quia
934 2288 1090 2376 clypeum
1105 2309 1260 2369 aureum,
1278 2287 1409 2354 donum
1421 2310 1484 2378 pro
1497 2293 1618 2357 Roma-

285 2401 338 2466 nis
353 2397 575 2478 destinatum,
592 2395 647 2459 vix
663 2391 828 2459 censendi
846 2398 924 2459 sunt
938 2393 1083 2476 voluisse
1102 2393 1199 2482 prius
1218 2398 1375 2482 Spartam
1397 2395 1532 2461 deterre
1547 2416 1629 2462 non.

285 2507 450 2573 habentes
468 2502 579 2569 ullum
594 2500 665 2567 tale
687 2500 819 2567 donum
841 2521 904 2588 pro
925 2499 1110 2588 Spartanis.
1129 2499 1218 2567 Illud
1232 2512 1313 2590 post
1333 2499 1414 2567 hoec
1432 2507 1468 2566 ut
1492 2501 1616 2568 transi-

285 2613 387 2680 tionis
411 2608 563 2678 formnla
587 2607 767 2674 commode
787 2611 973 2696 poneretur
993 2612 1069 2696 post
1089 2629 1122 2672 v.
1149 2614 1202 2674 15.
1227 2605 1302 2674 Alia
1323 2609 1520 2675 coniectura
1542 2607 1616 2674 lieri

285 2726 408 2810 potest,
423 2718 498 2785 scil.
521 2719 558 2784 in
571 2737 603 2780 v.
622 2721 664 2781 Ἧι
680 2735 750 2779 non
764 2714 819 2799 agi
836 2713 879 2779 de
895 2712 1070 2799 legatione
1090 2718 1232 2782 Romam
1253 2713 1366 2794 missa,
1389 2713 1430 2780 de
1445 2735 1515 2803 qua
1534 2715 1615 2780 satis

283 2826 474 2892 indicatum
489 2829 538 2888 est
553 2845 585 2886 v.
606 2826 722 2898 16-18,
737 2818 797 2884 sed
812 2819 855 2885 de
869 2819 1028 2886 missione
1040 2818 1197 2887 Numenii
1211 2821 1320 2886 altera
1334 2842 1404 2909 qua
1418 2825 1536 2910 postea
1550 2825 1614 2888 Ro-

285 2953 376 2998 mam
403 2927 559 2996 attulerit
582 2925 741 3012 clypeum
761 2946 904 2990 aureum
923 2929 965 3004 εἰς
984 2937 1016 2992 τὶ
1039 2945 1141 3008 στῆσαι
1158 2925 1202 2992 ad
1217 2925 1474 3010 stabiliendam,
1492 2925 1613 2993 coufir-

284 3035 448 3105 mandam
461 3033 671 3110 societatem,
689 3027 808 3095 utscil.
826 3030 979 3096 societati
993 3039 1175 3098 renovatae
1189 3053 1318 3100 novum
1333 3031 1519 3100 adderetur
1531 3032 1613 3098 auri-

286 3145 386 3211 citiae
401 3142 658 3208 documentum.
675 3139 787 3202 Potest
798 3134 878 3201 inde
892 3158 1031 3226 quoqne
1044 3137 1193 3220 suaderi,
1210 3138 1301 3228 quod
1313 3160 1404 3206 unus
1415 3139 1614 3206 nominatur

285 3251 482 3329 Numenius,
501 3246 581 3312 dum
603 3251 717 3310 tamen
732 3242 800 3308 duo
825 3242 932 3330 legati
944 3243 988 3309 ad
1006 3241 1128 3310 foedus
1146 3245 1383 3312 renovandum
1406 3245 1500 3311 missi
1520 3251 1609 3312 sunt.

282 3358 345 3425 Cui
361 3357 577 3424 coniecturae
592 3373 663 3417 non
679 3349 791 3415 obstat
809 3349 903 3437 quod
917 3349 952 3416 in
971 3349 1116 3438 epistola
1137 3351 1230 3418 Lucii
1248 3350 1376 3437 legitur
1396 3358 1511 3433 15,18;
1529 3373 1610 3417 nam

280 3465 385 3532 etiam
404 3464 439 3528 iu
455 3463 520 3526 hac
541 3456 775 3547 suppositione
796 3463 912 3523 tamen
926 3455 1112 3523 existimari
1136 3456 1238 3523 debet
1258 3457 1389 3525 donum
1410 3455 1522 3548 clypei
1534 3476 1611 3546 per-

280 3571 392 3638 tinere
407 3567 452 3636 ad
466 3587 591 3634 munus
606 3564 800 3650 legatorum
816 3562 1072 3651 complendum.

323 3676 474 3744 Pretiosa
492 3675 584 3740 dona
599 3676 742 3751 Romam
758 3669 895 3736 mittere
911 3668 1066 3735 solebant
1080 3669 1141 3758 qui
1155 3669 1275 3736 foedus
1290 3693 1366 3737 cum
1385 3672 1544 3739 Romanis
1556 3671 1610 3740 vel

278 3783 429 3850 foederis
444 3779 701 3847 renovationem
721 3775 940 3865 expetebant;
958 3777 1007 3842 ita
1027 3777 1214 3843 Antiochus
1232 3777 1427 3867 Epiphanes
1444 3776 1489 3844 ad
1508 3801 1608 3846 reno-

278 3889 428 3956 vandam
440 3889 635 3956 societatem
650 3905 713 3974 per
726 3882 948 3971 Apollonium
969 3882 1061 3949 misit
1075 3881 1203 3949 donum
1226 3905 1305 3950 vasa
1319 3907 1424 3952 aurea
1439 3885 1608 3974 quingen-

278 4000 352 4063 tum
384 3993 500 4083 pondo
524 3991 649 4082 (Livius
674 3996 770 4071 4263
796 3989 839 4056 cl.
865 3994 943 4069 l3‚6
970 3989 1038 4056 alia
1060 3989 1248 4079 exempla);
1275 3989 1382 4076 legati
1408 3990 1570 4058 Demetrii
1594 3997 1607 4058 1

279 4111 420 4187 στέφανον
435 4103 491 4169 ἀπὸ
508 4108 617 4185 μυρίων
633 4107 749 4185 χρυσῶν
765 4117 927 4161 coronam
938 4117 1121 4162 aureorum
1136 4096 1250 4164 decies
1265 4097 1359 4163 mille
1375 4103 1501 4165 Romae
1517 4103 1605 4165 aliu-

277 4207 394 4274 lerunl
412 4205 545 4296 (Polyb.
568 4202 713 4290 32,6,1),
731 4206 899 4287 Moagetes
912 4224 1075 4270 coronam
1095 4203 1259 4271 offerebat
1278 4201 1476 4292 quindecim
1497 4205 1605 4272 talen·

276 4320 397 4380 torum
425 4313 462 4403 (l.
493 4308 717 4396 c.ru,'1*1,t);
745 4308 801 4374 alii
828 4330 991 4376 eoronam
1015 4331 1155 4376 auream
1184 4316 1320 4377 centum
1354 4309 1606 4401 quinquaginta

275 4419 390 4509 pondo
410 4421 447 4510 (l.
466 4442 497 4487 c.
515 4417 703 4506 aarum),
723 4437 885 4483 coronam
905 4437 1089 4484 aureorum
1114 4417 1313 4505 quindecies
1329 4417 1425 4484 mille
1444 4418 1481 4508 (l.
1503 4441 1531 4485 c.
1548 4423 1602 4498 tt,

276 4529 359 4617 1‚7),
376 4529 539 4618 Tryphon
562 4525 795 4617 principatum
817 4522 954 4590 decreto
976 4528 1114 4591 senatus
1137 4525 1272 4590 romani
1293 4523 1359 4590 sibi
1374 4525 1505 4610 firmari
1518 4524 1603 4591 desi·

273 4632 396 4701 dorans
416 4635 505 4701 misit
520 4639 665 4701 statuam
681 4629 847 4698 Victoriae
862 4651 1001 4697 auream
1013 4630 1148 4720 pondus
1169 4630 1281 4698 decies
1300 4630 1395 4699 mille
1420 4651 1602 4701 aureorum

273 4738 459 4807 habentem
477 4740 586 4829 (Diod.
606 4738 734 4828 33,17).
1220 4731 1225 4738 ’
