3625 5367
277 380 316 437 68
790 368 818 425 1.
834 380 935 433 ‚usca
959 360 1100 435 ale-18.

279 533 441 581 tremuerunt
465 537 541 576 renes
567 524 624 571 eius
648 527 672 570 et
699 532 822 569 accensus
845 524 883 566 cst
903 514 906 599 Ι
930 509 1081 590 ἐτρόμηααν
1096 510 1121 568 ot
1133 508 1223 585 νεφροὶ
1235 507 1315 566 αὐτοῦ
1328 504 1373 564 καὶ
1388 502 1517 583 ἀνήνεγκε
1531 505 1614 580 θυμὸν

280 620 359 683 [ανον
378 617 434 665 cios
459 612 603 663 secundum
624 610 756 659 iudicium
774 607 840 671 lepis
858 614 883 655 et
930 600 1000 659 κατὰ
1015 598 1046 657 τὸ
1060 597 1143 676 κρίμα
1158 595 1205 655 καὶ
1225 592 1334 675 δραμὼν
1349 592 1459 669 ἔσφαξεν
1476 594 1555 653 αὐτὸν
1569 594 1614 652 ἐπὶ

279 706 407 757 insitiens
436 701 584 754 trucidavit
607 712 666 749 eam
688 710 770 763 super
790 709 882 755 ανανη,
904 697 906 752 l
929 688 975 749 τὸν
991 687 1093 767 βωμόν,
1111 688 1161 746 25.
1185 685 1230 743 καὶ
1250 684 1294 742 τὸν
1314 684 1397 764 ἄνδρα
1418 689 1465 743 τοῦ
1483 681 1615 761 βασιλέως

281 798 325 847 25.
345 795 389 844 scd
413 800 438 842 ct
461 792 551 843 etrum
573 802 648 851 qoem
668 800 713 836 ccc
738 786 884 836 Antiochus
905 775 906 785 ¹
929 778 975 836 τὸν
989 775 1173 853 ἀναγκάζοντα
1185 771 1256 832 θύειν
1272 772 1425 832 ἀπέκτειναν
1437 772 1464 829 ἐν
1476 774 1515 849 τῷ
1530 773 1614 850 καιρῷ

280 886 404 944 miserat,
427 882 474 945 qut
497 878 604 942 copctot
626 874 765 925 immolare
789 875 884 923 occidit
931 862 1077 945 ἔκεθνῳκαθ
1086 862 1130 921 τὸν
1142 862 1233 940 βωμὸν
1244 863 1359 921 καθεῖλε.
1370 862 1419 921 26.
1433 858 1488 919 Kal
1498 861 1614 930 ἐζήλωσε

279 976 311 1023 in
325 975 383 1037 ipso
404 978 518 1035 tempore
533 974 557 1017 ct
576 978 655 1017 arom
675 964 821 1023 deseruerim
840 963 884 1014 26.
930 957 969 1033 τῷ
988 952 1062 1032 νόμῳ
1083 950 1170 1018 καθὼς
1201 949 1309 1022 ἐποίησε
1330 948 1425 1014 Φινεθς
1447 952 1485 1012 τῶ
1506 946 1615 1027 Ζαμὸρὶ

281 1068 305 1113 et
321 1060 425 1112 zelotes
442 1057 592 1125 ecclegem,
612 1055 681 1104 sicut
696 1052 758 1117 [ecit
773 1054 886 1103 Ptrtoecs
934 1045 984 1121 υἱῷ
997 1039 1112 1116 Σαλὼμ.

281 1151 371 1201 Zomrc'
385 1147 442 1213 filio
457 1145 569 1196 Selomt.

325 1267 486 1356 Exemplo
501 1265 602 1331 nobis
613 1261 807 1344 exhibetur,
824 1284 892 1351 qua
908 1261 1042 1328 ratione
1055 1259 1220 1328 mandata
1235 1260 1326 1345 regis
1338 1257 1393 1325 illi
1409 1258 1616 1348 inspectores

280 1373 497 1464 exsequenda
519 1367 715 1437 curaverint
734 1366 790 1456 (ct.
810 1373 900 1448 1,50.
928 1368 996 1457 61).
1020 1366 1277 1434 Perlustcabant
1292 1365 1365 1432 scil.
1383 1365 1616 1452 urbessiugu-

280 1483 344 1550 las.
366 1484 438 1557 Qua
457 1474 636 1545 occasione
653 1473 756 1539 etiam
780 1478 1013 1561 pervenerunt
1029 1472 1065 1539 in
1077 1472 1200 1539 Modin.
1218 1477 1308 1538 Bene
1320 1471 1542 1561 appellantur
1560 1471 1616 1538 isti

281 1610 399 1675 aroge
419 1583 513 1651 missi
538 1592 563 1650 ot
587 1585 864 1666 ναταναγκάζοντες
887 1589 939 1663 τὴν
964 1582 1141 1648 &camactos
1170 1578 1350 1664 adigentes
1369 1599 1429 1644 seu
1455 1584 1616 1663 cogentes

280 1694 325 1762 ad
350 1688 569 1784 apostasiam.
587 1690 758 1753 Venerant
784 1689 897 1752 autem
924 1685 1048 1768 Modin,
1066 1689 1105 1751 ut
1127 1684 1362 1751 sacrificarent
1376 1682 1443 1771 (gr.
1461 1690 1528 1750 vet.
1553 1684 1612 1751 lat.
1704 1769 1709 1775 .

281 1806 313 1881 S,
332 1801 359 1890 s)
374 1800 399 1865 i.
416 1820 445 1864 e.
465 1801 502 1862 ut
518 1793 687 1861 solemnia
701 1791 869 1859 sacrificia
886 1796 1105 1881 peragerent,
1121 1788 1329 1881 quibusscil.
1351 1790 1495 1857 ludaeos
1508 1790 1616 1857 inter-

282 1929 353 1973 esse
368 1911 402 1971 ct
416 1901 622 1992 apostasiam
644 1898 906 1989 participatione
928 1896 1104 1965 declarare
1124 1900 1298 1983 cogerent.
1325 1901 1363 1963 ln
1385 1896 1480 1984 vulg.
1508 1898 1617 1965 fusius

281 2011 477 2079 declaratur
493 2005 619 2096 quibos
635 2003 829 2071 actionibus
841 2002 1007 2070 discessus
1021 2003 1130 2090 alege
1147 2002 1348 2089 designetur
1366 2023 1373 2067 :
1391 2002 1614 2086 immolando,

280 2118 384 2185 thura
402 2111 610 2181 accedendo.
629 2114 713 2176 Cum
738 2108 871 2175 ludaeis
894 2132 963 2175 uno
984 2110 1097 2175 solum
1118 2108 1206 2191 loco,
1224 2108 1260 2175 in
1281 2109 1426 2198 templo,
1440 2108 1617 2176 victimam

281 2223 461 2291 immolare
477 2219 500 2285 i.
518 2242 549 2285 e.
567 2202 760 2283 sacrificare
780 2215 911 2295 liceret,
921 2217 990 2283 iam
1007 2215 1082 2282 sola
1096 2215 1269 2283 oblatione
1287 2215 1326 2282 in
1342 2216 1412 2282 alia
1425 2216 1512 2283 urbe
1527 2216 1616 2284 desi·

282 2329 454 2417 gnabatur
470 2321 651 2414 apostasia.
671 2320 760 2387 Illud
784 2321 820 2386 iu
840 2321 926 2408 vulg
945 2321 1006 2411 ptri
1033 2320 1264 2411 constiparent
1288 2324 1325 2398 in
1348 2321 1471 2388 Medio
1490 2322 1618 2390 nullibi

282 2435 429 2504 habetur
448 2436 483 2499 et
492 2448 628 2497 sensum
642 2427 835 2518 perturbat.
856 2430 895 2493 Et
921 2451 954 2494 v.
977 2434 1018 2495 16
1033 2426 1138 2494 multi
1151 2449 1190 2494 ex
1209 2427 1313 2495 lsrael
1339 2436 1554 2496 accesserunt
1574 2429 1617 2495 ad

282 2542 374 2629 regis
386 2539 537 2618 nuntios,
558 2535 631 2603 scil.
649 2538 688 2602 ut
702 2532 936 2600 sacrificarent
949 2539 983 2600 et
1003 2536 1076 2620 regi
1092 2535 1318 2624 obsequentes
1337 2557 1372 2600 se
1386 2535 1615 2617 ostenderent;

282 2646 484 2717 llathathias
499 2649 533 2711 et
551 2641 614 2708 filii
635 2641 708 2708 eius
730 2650 918 2728 συνήχθησαν
945 2642 1148 2729 congregati
1175 2646 1266 2723 sunt,
1291 2649 1527 2709 convenerunt
1551 2647 1615 2729 (gr.

283 2760 318 2837 S,
339 2755 382 2841 s),
408 2759 446 2818 ut
468 2772 542 2828 rem
564 2748 785 2837 explorarent
804 2755 837 2812 et
870 2747 1095 2814 observarent
1118 2747 1202 2837 quid
1225 2748 1317 2815 factu
1342 2770 1431 2837 opus
1451 2754 1537 2815 esset
1559 2748 1619 2837 (ita

285 2863 344 2927 Gr.
357 2858 413 2947 Κ.)
424 2878 432 2937 ;
445 2855 504 2923 sed
518 2854 632 2943 aptius
645 2851 783 2918 videtur
803 2850 973 2940 explicare
991 2875 1048 2919 eos
1064 2874 1136 2919 esse
1156 2863 1385 2941 congregatos
1398 2855 1492 2922 iussu
1508 2857 1619 2944 inspe-

283 2972 415 3033 ctorum
436 2961 544 3047 regis;
559 2958 596 3024 id
611 2956 705 3046 quod
723 2980 762 3036 ex
781 2957 988 3024 allocutione
1009 2964 1043 3025 et
1059 2959 1288 3047 postulatione
1308 2983 1427 3028 eorum
1441 2984 1473 3028 v.
1495 2969 1535 3029 tr
1551 2962 1619 3029 col-

283 3070 417 3159 ligitur.
434 3067 600 3133 Dicuntur
618 3061 671 3127 illi
690 3060 906 3151 respondere,
918 3062 942 3127 i.
960 3084 990 3128 e.
1010 3063 1202 3149 generatim
1227 3087 1267 3130 ex
1285 3087 1402 3133 rerum
1416 3066 1620 3133 conditioni-

284 3177 348 3245 bus
363 3175 415 3241 val
436 3196 475 3240 ex
491 3174 586 3237 certa
602 3166 755 3258 quadam
774 3168 952 3234 occasione
968 3189 1087 3236 ansam
1103 3191 1226 3258 capere
1239 3170 1373 3261 aliquid
1395 3170 1544 3239 dicendi.
1563 3174 1620 3241 lsti

285 3306 324 3351 en
338 3278 540 3350 auctoritate
557 3272 710 3342 muneris
733 3274 950 3357 llatbathiae,
969 3297 1037 3365 qua
1059 3279 1111 3341 est
1133 3283 1235 3365 ἅρχων
1257 3279 1294 3344 in
1317 3276 1415 3359 urbe,
1433 3302 1474 3345 ex
1489 3280 1618 3346 honore

285 3414 354 3481 quo
376 3386 501 3454 fruitur
527 3380 621 3472 apud
649 3402 769 3446 omues
791 3386 922 3461 ἔνδοξος,
936 3403 975 3447 ex
997 3382 1152 3471 potentia
1182 3405 1251 3472 qua
1275 3384 1310 3449 in
1332 3383 1418 3451 alios
1439 3393 1620 3476 propterea

284 3496 404 3589 pollet,
424 3503 530 3578 μέγας,
547 3487 602 3557 cui
616 3488 791 3578 potentiae
811 3489 916 3555 etiam
936 3510 976 3555 ex
997 3511 1038 3555 eo
1060 3490 1208 3557 multum
1229 3490 1370 3572 accedit,
1385 3493 1478 3581 quod
1492 3493 1621 3560 nonsit

286 3603 388 3682 solus,
406 3598 467 3666 sed
489 3596 647 3663 suffultus
669 3592 841 3681 dignitate
862 3616 925 3684 per
940 3594 1030 3661 tilios
1046 3601 1079 3661 et
1101 3596 1224 3663 tratres
1239 3604 1513 3685 totapippe'veaex
1528 3600 1619 3667 hisce

284 3709 392 3797 igitur
406 3703 565 3774 omnibus
581 3700 764 3790 capiebant
782 3701 993 3768 occasionem
1010 3706 1045 3768 et
1058 3708 1265 3789 argumenta
1283 3726 1362 3771 eum
1390 3704 1564 3787 hortandi,
1581 3712 1620 3772 ut

285 3815 463 3884 accederet
477 3809 607 3900 primus
627 3806 671 3873 ad
687 3806 779 3892 regis
799 3808 1001 3874 mandatum
1021 3808 1275 3876 observandum
1290 3834 1322 3878 v.
1343 3818 1399 3891 183
1417 3811 1575 3901 exempla
1588 3814 1619 3879 ei

286 3925 508 4014 proponunt:
527 3934 642 3981 omnes
665 3924 783 4001 pentes
809 3914 883 3999 regi
905 3914 1086 3981 obsecutae
1116 3921 1209 3997 sunt,
1226 3917 1330 3984 etiam
1343 3917 1410 3983 oiri
1427 3918 1529 3999 ludo,
1549 3919 1619 3984 imo

285 4028 346 4118 qui
364 4047 433 4091 non
452 4022 673 4106 aufugerunt,
690 4017 750 4083 sed
773 4027 1013 4087 remanserunt
1037 4020 1075 4086 in
1099 4022 1303 4109 Ierusalem3
1325 4022 1459 4091 addunt
1477 4024 1620 4115 promis-

285 4135 397 4202 siones
414 4135 470 4197 :tu
487 4133 520 4192 et
534 4126 656 4191 domus
669 4128 731 4191 tua
747 4122 797 4211 (tu
813 4130 845 4190 ct
862 4124 926 4190 filii
940 4128 989 4191 tui
1008 4132 1062 4193 52.
1084 4133 1138 4195 55.
1159 4132 1193 4210 S,
1210 4150 1237 4212 s,
1253 4130 1351 4221 vulg)
1364 4132 1432 4197 eris
1447 4154 1487 4198 cx
1502 4131 1622 4198 amicis

286 4238 394 4326 regis3
412 4234 503 4321 regis
526 4229 628 4297 amici
649 4227 810 4297 dicuntur
835 4253 921 4319 quos
945 4254 1003 4297 rex
1022 4232 1193 4319 singulari
1216 4236 1332 4304 favore
1352 4238 1569 4329 prosequitur
1587 4245 1621 4305 et

287 4343 456 4436 imprimis
481 4338 544 4420 illi,
568 4338 629 4426 qui
650 4356 783 4401 summo
802 4338 1019 4423 magistratu,
1046 4341 1249 4409 muneribus
1267 4344 1414 4411 maxime
1442 4344 1621 4411 honoratis

290 4455 490 4540 iunguntur,
508 4442 599 4530 regis
614 4441 812 4509 consiliarii.
829 4446 879 4509 lta
894 4444 1073 4537 Dionysius
1088 4452 1341 4539 ὲπιστολθγραφος
1351 4450 1513 4518 Antiochi
1526 4451 1619 4538 regis

286 4581 376 4629 unus
388 4579 428 4625 ex
441 4550 559 4621 amicis
578 4548 650 4615 eius
663 4553 805 4615 vocatur
826 4548 958 4638 (Polyb.
982 4556 1074 4635 31,3,
1105 4554 1177 4644 16);
1195 4562 1228 4623 et
1248 4557 1436 4624 consiliarii
1455 4579 1541 4647 quos
1560 4557 1619 4624 ad·

286 4673 384 4732 vocat
399 4657 587 4729 Alexander
600 4664 677 4745 pita
696 4654 918 4746 appellantur
936 4658 1047 4740 (Diod.
1068 4666 1223 4745 17,5t‚3;
1247 4664 1291 4730 ct.
1303 4670 1380 4747 55,1
1396 4663 1482 4731 belli
1496 4664 1565 4731 dux
1580 4686 1620 4730 ex

289 4770 407 4839 amicis
428 4765 585 4853 seligitur
605 4764 703 4852 etc.);
727 4772 879 4830 ceterum
905 4764 981 4831 vide
1008 4772 1099 4848 6,10.
1126 4772 1184 4850 1θ;
1210 4776 1327 4852 10,65;
1355 4778 1471 4857 1131,
1504 4776 1616 4854 1528.
