3625 5367
757 347 785 405 l.
810 361 898 407 uach.
923 348 1037 421 uela.
1507 359 1564 419 lli)

126 554 131 561 .
229 499 348 562 auctor
362 493 521 583 pluribus
540 494 702 562 describit
715 517 749 560 v.
762 501 782 562 9
795 516 866 585 seq.
882 505 1048 565 convocat
1063 501 1192 570 amicos
1206 503 1247 570 iis
1265 491 1444 574 declarans
1456 507 1564 575 animi

228 602 407 688 angustias
429 609 463 667 et
486 603 638 691 corporis
661 595 853 682 molestias;
870 626 903 670 v.
921 610 960 670 10
987 607 1126 674 recessit
1152 631 1304 695 somnus,
1320 616 1473 701 ἀφίσταται
1496 621 1559 683 eto.

228 707 346 774 eadem
362 709 469 774 verba
483 708 648 795 leguntur
665 711 746 777 Gen.
764 715 866 789 auto
885 715 983 793 Lxx,
1002 717 1023 778 S
1042 720 1100 780 :et
1118 737 1309 785 cormeum
1334 721 1512 788 contabuit
1526 723 1563 788 in

229 814 343 882 medio
358 815 428 883 mei
442 836 483 881 en
497 815 607 881 multa
622 837 704 883 cura
720 814 749 905 (s
762 816 812 883 uti
830 816 980 901 graece).
999 823 1121 888 Secum
1136 824 1322 914 perpendit
1338 849 1370 893 v.
1386 833 1425 894 11
1444 827 1563 895 condi-

226 921 328 988 tionis
340 920 581 1000 mutationem;
603 927 800 1012 tempestas,
817 922 942 990 fluctus
960 926 1062 992 obvia
1082 930 1286 1018 metaphora
1302 931 1429 1000 dicitur
1448 934 1491 1000 de
1511 958 1563 1001 re-

226 1029 290 1095 bus
302 1028 469 1110 adversis;
482 1034 517 1095 et
529 1050 633 1117 quam
644 1029 768 1095 merito
783 1029 820 1094 in
832 1029 1001 1097 eiusmodi
1014 1035 1171 1121 querelas
1184 1045 1400 1128 prorumpat,
1413 1041 1561 1128 explieat

225 1140 269 1203 ’ἐτι
283 1147 413 1223 χρηστὸς
429 1141 492 1202 etc.
507 1157 515 1216 ;
532 1134 770 1202 recordatione
789 1134 914 1224 prioris
935 1136 1118 1222 felicitatis,
1136 1141 1400 1212 benevolentiae
1411 1144 1488 1212 aliis
1503 1169 1558 1213 es-

227 1241 366 1322 hihitae,
385 1242 631 1308 aestimationis
650 1241 829 1330 laudisque
850 1242 1009 1309 acerbior
1025 1245 1184 1313 redditur
1203 1250 1345 1316 morbus
1361 1256 1394 1317 et
1419 1250 1558 1319 miseria

224 1370 396 1436 praesens.
415 1352 571 1415 Sevocat
593 1359 722 1436 χρηστὸν
740 1346 951 1434 benignum;
969 1372 1051 1417 nam
1071 1351 1107 1420 iu
1131 1353 1231 1420 donis
1250 1356 1374 1423 dandis
1397 1379 1433 1424 se
1457 1351 1579 1448 saepe

225 1453 323 1521 valde
337 1454 531 1535 liberalem,
547 1455 618 1520 imo
635 1454 820 1544 prodigum
837 1456 1052 1544 praestabat;
1066 1459 1169 1527 etiam
1189 1483 1224 1528 se
1245 1461 1327 1529 dicit
1345 1466 1555 1551 ἀγαπώμενον,

224 1582 304 1627 nam
323 1561 428 1628 variis
446 1561 570 1639 modis,
584 1562 723 1649 saepius
741 1560 843 1627 valde
862 1559 1032 1646 ridiculis,
1050 1587 1170 1632 auram
1190 1567 1396 1657 popularem
1419 1577 1557 1659 captare

224 1666 382 1734 studebat
401 1674 435 1733 et
454 1689 526 1734 sese
549 1666 679 1756 populo
698 1667 890 1752 gratiosum
916 1669 1062 1737 reddere
1085 1672 1240 1755 volebat,
1266 1675 1433 1741 eiusmodi
1460 1677 1557 1742 varia

225 1773 387 1859 leguntur
405 1774 497 1861 apud
513 1771 693 1860 Polybium
719 1773 850 1862 (natm
873 1775 978 1842 victos
1000 1776 1108 1844 occidi
1129 1781 1250 1861 vetuit,
1273 1780 1332 1846 sed
1347 1781 1443 1848 vivos
1464 1803 1556 1848 com-

225 1880 391 1969 prehendi
403 1880 511 1961 iussit,
527 1880 622 1947 Diod.
638 1880 697 1946 sic.
712 1879 841 1969 30,1t).

269 1991 391 2054 Verum
405 1989 440 2053 in
462 1987 584 2054 morbo
600 1988 704 2052 etiam
725 1985 912 2054 vindictam
936 1990 1088 2057 numinis
1108 1993 1263 2077 agnoscit
1289 1993 1331 2059 de
1349 1994 1446 2060 malis
1468 2016 1556 2084 quae

223 2097 432 2183 perpetravit
446 2093 538 2160 etde
556 2092 693 2160 iniuriis
713 2093 848 2160 numini
866 2094 983 2179 illatis,
1006 2118 1083 2163 oum
1103 2119 1183 2164 vasa
1201 2119 1298 2165 sacra
1310 2098 1507 2189 diripuisset
1523 2108 1556 2169 et

224 2199 369 2268 cultores
381 2202 439 2267 Dei
465 2198 572 2267 deleri
593 2199 744 2267 iussisset
769 2203 816 2268 διὰ
839 2221 929 2286 κενῆς
956 2202 1040 2292 (scil.
1058 2204 1223 2292 πράξεως),
1247 2204 1321 2271 sine
1341 2227 1456 2287 causa,
1474 2207 1497 2272 i.
1520 2231 1550 2274 e.

222 2307 275 2372 isti
289 2306 489 2373 nullatenus
506 2328 624 2373 ansam
645 2305 829 2389 dederunt,
851 2314 888 2374 ut
906 2309 1030 2376 merito
1051 2315 1188 2398 possent
1210 2312 1327 2401 puniri
1347 2319 1381 2380 et
1398 2315 1551 2398 enecari;
1601 2390 1606 2401 ι

221 2435 253 2480 v.
271 2419 323 2479 11.
344 2420 396 2479 12.
415 2418 460 2480 lte
475 2412 644 2481 eiusmodi
665 2413 773 2480 animi
788 2413 955 2498 sensibus,
972 2415 1097 2504 quibus
1109 2418 1198 2484 iram
1216 2418 1371 2485 numinis
1384 2420 1504 2487 offensi
1520 2426 1554 2486 et

221 2542 366 2610 poenam
382 2521 536 2607 agnovit,
557 2519 661 2586 etiam
678 2541 740 2586 suo
761 2520 864 2587 modo
881 2526 1025 2588 testatur
1042 2523 1203 2609 Polybius
1222 2522 1375 2591 scribens
1394 2526 1436 2592 de
1450 2548 1490 2592 eo
1509 2548 1516 2593 :
1534 2551 1552 2593 e

220 2626 306 2693 vivis
319 2629 458 2694 excessit
473 2635 663 2711 δαιμονήσας,
681 2635 723 2706 ὡς
742 2636 815 2694 ἔνιοί
826 2656 920 2713 φασιν,
939 2630 985 2695 διὰ
998 2639 1031 2696 τὸ
1043 2638 1179 2716 γενέσθαι
1193 2633 1274 2710 τινὰς
1289 2635 1484 2716 ἐπισημασίας
1499 2650 1550 2700 τοῦ

218 2740 367 2819 δαιμονίου
386 2737 461 2801 κατὰ
472 2742 526 2816 τὴν
541 2739 610 2820 περὶ
625 2744 656 2800 τὸ
669 2744 883 2821 προειρημένον
896 2743 973 2821 ἱερὸν
987 2744 1183 2821 reparentur,
1196 2736 1341 2817 insania,
1359 2743 1396 2802 ul
1409 2735 1550 2825 quidam

219 2838 327 2921 aiunt,
349 2845 528 2929 correptus
548 2839 593 2906 ob
608 2839 780 2928 quaedam
798 2841 899 2926 signa
918 2847 951 2906 et
971 2846 1114 2922 ostenta,
1131 2864 1219 2930 quae
1236 2841 1280 2908 ob
1297 2843 1459 2910 violatam
1476 2844 1551 2911 reli-

217 2947 355 3033 gionem
371 2946 494 3036 templi
508 2947 551 3012 ab
567 2945 689 3012 infesto
704 2944 847 3013 numine
860 2946 954 3012 edita
969 2954 1067 3015 erant
1086 2947 1230 3038 (amr).
1246 2953 1283 3015 ln
1302 2973 1336 3018 v.
1356 2957 1396 3017 12
1412 2955 1432 3017 S
1450 2971 1457 3034 ς
1473 2953 1550 3018 abs-

218 3053 281 3118 tuli
299 3075 381 3119 vasa
402 3075 525 3136 aurea;
539 3075 556 3119 s
569 3052 686 3120 omnia
702 3053 754 3120 uti
767 3075 904 3139 graece.
926 3057 964 3119 ln
983 3061 1075 3121 terra
1096 3054 1210 3124 aliena
1223 3079 1255 3123 v.
1274 3062 1330 3136 13;
1348 3057 1545 3146 pertinebat

217 3159 330 3226 Persia
354 3160 399 3226 ad
426 3159 499 3227 eius
520 3180 686 3245 regnum;
711 3160 772 3226 sed
795 3159 974 3249 provincia
999 3162 1084 3227 haec
1109 3163 1367 3251 comparatione
1391 3163 1545 3230 instituta

217 3287 293 3332 cum
309 3266 423 3355 patria
437 3272 472 3333 et
485 3270 578 3333 terra
599 3265 798 3347 nativitatis
815 3265 904 3331 hene
927 3272 1069 3332 vocatur
1089 3288 1129 3332 eo
1144 3267 1296 3334 nomine.
1315 3272 1382 3334 Rex
1403 3269 1550 3334 admini-

215 3374 413 3440 strationem
429 3372 527 3460 regni
543 3370 713 3439 commisit
728 3371 902 3460 Philippo,
915 3371 976 3460 qui
996 3373 1137 3438 illach.
1155 3379 1235 3453 939
1256 3383 1270 3440 t
1284 3381 1444 3460 σύντροφος
1460 3378 1547 3442 αὐταῦ

215 3479 410 3571 appellatur
423 3484 456 3546 et
469 3479 562 3547 idem
578 3484 717 3569 putatur
729 3477 789 3566 qui
801 3483 901 3544 antea
915 3482 989 3544 erat
1003 3479 1220 3568 praepositus
1236 3479 1379 3546 Iudaeae
1393 3479 1426 3569 (2
1441 3480 1545 3547 hlach.

215 3594 311 3671 5323
336 3594 435 3670 o,11;
461 3586 549 3674 8,8);
577 3585 678 3674 eique
701 3584 844 3651 tradidit
863 3583 1016 3670 insignia
1040 3584 1220 3670 dignitatis
1243 3584 1361 3670 regiae
1380 3608 1387 3653 :
1406 3592 1545 3670 διάδημα,

213 3699 339 3761 vestem
360 3693 505 3780 regiam,
523 3692 693 3760 annulum
713 3685 783 3779 quo
802 3691 965 3758 mandata
990 3690 1089 3777 regia
1109 3691 1288 3776 obsignari
1307 3691 1475 3772 solebant,
1494 3709 1544 3760 τοῦ

214 3803 339 3890 ἀγαγεῖν
357 3805 513 3888 Ἀντίοχον
532 3804 570 3866 ut
582 3799 747 3866 educaret
761 3799 990 3879 Antiochum
1010 3797 1099 3863 hisee
1118 3798 1191 3863 scil.
1205 3796 1341 3863 traditis
1357 3818 1436 3863 eum
1451 3796 1547 3864 insti-
1593 3811 1594 3814 ’

212 3907 278 3974 tuit
291 3914 442 3975 tutorem
457 3905 614 3973 Antiochi
631 3898 706 3988 tilii,
724 3911 771 3973 ναὶ
785 3913 926 3992 ἐκθρέψαι
939 3909 1037 3985 αὐτὸν,
1056 3910 1093 3970 ut
1109 3904 1180 3971 scil.
1196 3905 1282 3970 sicut
1297 3902 1453 3983 animum
1473 3902 1546 3969 eius

213 4015 381 4082 excoleret
393 4015 441 4081 ita
460 4035 597 4104 quoque
613 4034 732 4079 curam
754 4009 906 4101 corporis
923 4010 1081 4092 haberet,
1099 4029 1149 4080 τοῦ
1167 4007 1333 4094 βασιλεύειν
1348 4011 1453 4077 talem
1471 4010 1544 4078 scil.

216 4120 246 4186 ei
260 4122 343 4189 dare
356 4095 460 4188 debet
473 4119 721 4186 iustitutionem
735 4125 839 4207 atque
851 4115 1091 4185 educationem
1106 4118 1239 4185 ratione
1258 4116 1379 4185 habita
1391 4117 1498 4184 animi
1514 4123 1548 4183 et

214 4229 380 4318 corporis,
397 4233 434 4294 ut
446 4227 586 4294 tandem
601 4227 706 4312 digne
724 4246 872 4310 regnare
892 4226 1013 4314 possit.
1030 4226 1155 4292 lisdem
1180 4225 1315 4292 duobus
1335 4223 1450 4290 verbis
1465 4223 1546 4290 edu-

214 4337 301 4402 catio
316 4342 338 4402 2
352 4334 550 4414 llach.'1,27
568 4332 787 4413 describitur,
804 4340 886 4418 ἄγειν
903 4332 1040 4411 ducere,
1055 4331 1205 4417 dirigere
1221 4335 1301 4410 eto.;
1318 4333 1353 4396 in
1371 4329 1545 4418 aliquibus

214 4440 413 4510 minusculis
426 4440 555 4528 legitur
566 4443 704 4527 Αντιοχω
718 4467 760 4506 τω
776 4461 844 4521 υιω;
862 4438 910 4503 ita
925 4442 945 4503 S
962 4441 1000 4503 ut
1014 4437 1149 4504 afferret
1162 4459 1202 4503 ea
1217 4437 1382 4502 Antiocho
1395 4435 1442 4523 (et
1460 4433 1509 4499 ita
1530 4456 1546 4500 s

215 4570 350 4638 quoque
366 4554 399 4614 et
414 4546 606 4637 Iosephus),
623 4545 682 4611 sed
696 4543 797 4611 lectio
819 4547 966 4632 Αντιαχαν
982 4543 1085 4610 etiam
1101 4549 1248 4631 utraque
1268 4542 1376 4608 latina
1389 4539 1543 4606 versione

215 4655 450 4723 confirmatur.
482 4656 536 4722 Uti
559 4653 708 4731 videtur,
731 4650 917 4717 Antiochus
940 4649 1039 4738 Lysia
1062 4647 1269 4739 posthabito,
1302 4669 1403 4736 quem
1429 4653 1543 4714 tamen
1617 4705 1621 4715 ι

213 4769 312 4830 antea
332 4770 365 4830 et
377 4762 479 4849 regni
497 4758 739 4828 administrum
758 4763 791 4823 ct
806 4763 955 4822 tutorem
978 4757 1039 4822 tilii
1060 4757 1252 4822 instituerat
1273 4755 1378 4844 (3,32.
1395 4753 1451 4843 33)
1468 4754 1545 4821 Phi·
