3625 5367
697 390 726 449 ε.
751 406 842 449 uses.
868 391 1027 464 tutte-28.

202 569 250 617 que
262 556 366 618 nepotio
376 552 493 618 perfecto
506 564 639 615 repressus
653 558 701 613 est,
715 552 807 602 relicto

202 645 232 693 in
260 644 376 706 quotam
401 642 456 691 ioco
481 642 633 703 firmissimo
655 642 805 705 praesidio.

204 732 244 783 19.
268 732 407 781 Dosithens
436 736 524 779 autem
548 736 572 779 ct
596 730 736 794 Sosipater
760 732 807 792 qni

201 827 277 870 crant
298 819 375 869 duces
391 833 449 868 cum
462 818 621 869 itachiabaeo
637 826 806 883 peremerunt

201 924 217 957 ο
232 898 364 959 Timotheo
386 906 491 957 relictos
512 908 541 957 in
559 907 699 972 praesidio
722 908 807 957 decem

201 996 291 1047 mitiia
313 998 393 1047 airas.
416 996 457 1047 et).
477 999 511 1045 tt
533 996 709 1046 Hachabaeus
731 997 807 1045 ordi·

202 1082 272 1136 natis
294 1086 394 1135 circum
414 1099 440 1134 sc
457 1100 502 1133 ses
523 1084 646 1133 millibus
668 1092 691 1133 et
707 1087 806 1133 consti-

200 1176 265 1225 tutis
284 1188 332 1239 per
351 1175 469 1223 cohortes
495 1175 623 1223 aduersus
644 1174 807 1223 Timotheum

198 1264 338 1328 processit,
348 1262 489 1313 habentem
499 1262 805 1324 secumcentumeiqiuti

202 1352 291 1402 millia
309 1352 439 1416 peditum,
453 1352 624 1414 equitumque
645 1340 696 1399 δυο
716 1350 806 1399 miliia

200 1442 370 1504 quinqentos.
394 1439 439 1489 ii.
464 1440 576 1501 coquito
606 1446 694 1488 autern
722 1440 805 1487 tudae

201 1530 316 1580 aduentu
339 1528 491 1578 Timotheus
513 1528 656 1592 praemisit
681 1526 805 1577 mulieres

200 1626 223 1667 et
238 1617 307 1681 titios
323 1624 348 1667 et
364 1615 497 1679 reliquum
509 1624 673 1681 apparatum
685 1618 717 1666 in
727 1630 805 1681 prae·

199 1707 299 1755 sidium
315 1706 384 1768 quod
401 1705 522 1755 carnion
535 1705 651 1767 dieitur;
664 1705 805 1755 eratenim

201 1792 410 1857 incspuqnabihe
421 1800 446 1842 et
457 1806 561 1843 accessu
574 1793 684 1857 dispicite
694 1801 805 1859 propter

200 1883 316 1932 totorum
339 1882 491 1944 anqustias.
512 1880 555 1933 ⁴22.
576 1883 691 1944 Cumque
713 1884 804 1932 cohors

199 1970 280 2021 tudae
302 1970 394 2033 prima
417 1971 599 2033 apparuisset,
620 1971 700 2019 timor
721 1971 805 2019 hosti·

200 2060 246 2109 bus
265 2060 387 2108 incussus
406 2064 444 2107 est
464 2071 495 2106 es
514 2059 672 2121 praesentio
691 2059 738 2107 Dei
757 2060 804 2120 qui

201 2149 326 2197 uniuersa
353 2147 493 2210 conspicit,
514 2152 538 2195 et
561 2146 592 2195 iu
616 2146 709 2209 [aqam
734 2149 804 2197 tersi

198 2242 261 2285 sunt
281 2235 352 2284 alius
372 2236 405 2283 ab
426 2233 492 2295 alio,
508 2235 547 2283 ita
568 2240 595 2283 ut
617 2236 702 2297 maqt's
718 2249 734 2284 a
748 2237 803 2283 suis

200 2325 377 2374 deiicerentur
387 2330 411 2373 et
421 2322 575 2385 qiadiorurn
587 2336 695 2372 suorum
708 2323 803 2372 ictibus

201 2412 420 2463 debilitarentur.
443 2412 487 2463 23.
508 2413 590 2461 tutius
614 2418 702 2461 autem
725 2412 804 2461 othe-

202 2508 302 2551 menter
329 2500 448 2551 instabat
477 2502 592 2565 puniens
620 2499 750 2565 profanos
779 2508 803 2549 et

199 2590 349 2653 prostrauit
369 2604 400 2639 es
419 2591 457 2638 eis
479 2591 596 2653 triqinta
615 2588 706 2639 miliia
728 2590 802 2637 uiro-

200 2693 268 2729 rum.
284 2678 326 2729 tt.
343 2681 400 2743 lpse
416 2692 477 2727 cero
494 2678 644 2727 Timotheus
660 2678 758 2727 incidit
773 2679 803 2727 iu

196 2775 288 2832 partes
312 2765 431 2817 Dosithei
451 2774 474 2815 et
495 2767 643 2830 sosipatris
665 2774 688 2815 et
711 2765 802 2815 multis

197 2857 322 2921 precibus
341 2854 496 2919 postulabat
512 2861 540 2903 ut
557 2856 632 2904 sicus
651 2854 802 2904 dimittere-

199 2952 245 2993 tur
258 2956 286 2993 co
300 2945 369 3005 quod
383 2942 527 2992 multorum
540 2956 570 2991 es
586 2942 694 2992 Iudaeis
705 2956 801 3007 paren·

200 3042 236 3081 tes
256 3032 364 3081 haberet
384 3046 414 3080 ac
433 3030 543 3095 fratres,
558 3045 622 3093 quos
645 3038 726 3081 morte
745 3032 801 3081 eius

199 3121 286 3185 decipi
301 3120 427 3171 eueniret.
444 3121 487 3171 25.
502 3121 534 3169 Et
549 3133 607 3169 curn
622 3120 699 3185 fidem
712 3121 802 3171 dedis-

199 3216 237 3259 set
248 3210 436 3259 restt'tuturum
450 3222 476 3257 se
492 3222 534 3257 cos
546 3210 691 3258 secundum
706 3212 801 3258 consti·

200 3306 294 3357 tutum,
307 3298 432 3357 illaesum
446 3310 505 3345 enm
517 3297 677 3346 dimiserunt
691 3304 802 3360 propter

199 3385 453 3451 [rotenensalntem.
531 3438 537 3445 ⁸

235 3564 279 3614 26.
294 3564 375 3613 turias
396 3571 483 3612 autem
497 3575 616 3625 opressus
631 3568 668 3611 est
684 3562 718 3610 ati
735 3562 801 3612 Car-

202 3654 266 3703 niou
286 3652 557 3716 intersectiseiqinti
578 3652 695 3714 quiesque
716 3650 801 3699 mihii-

201 3741 256 3791 bns.
280 3740 323 3793 27.
347 3742 408 3791 Post
433 3741 527 3789 horum
552 3739 645 3803 [upum
668 3746 691 3787 et
718 3752 802 3789 necem

201 3832 280 3880 rnooit
305 3830 448 3879 exercitum
473 3829 508 3878 aa
531 3828 644 3892 Ephron
667 3829 802 3879 civitatem

201 3920 340 3977 inunitam,
356 3920 385 3967 in
400 3932 454 3979 qua
474 3917 615 3967 multitudo
635 3919 802 3967 diuersarum

199 4008 318 4069 qentium
345 4006 497 4065 habitabat,
519 4014 543 4056 et
569 4005 670 4055 robusti
695 4007 801 4055 ius-erres

198 4108 248 4159 pro
264 4096 347 4144 usuris
362 4094 533 4143 consistentes
546 4093 654 4158 sortiter
670 4108 802 4159 repuqna-

202 4184 279 4243 hant,·
294 4185 323 4232 in
340 4185 389 4233 hae
404 4190 493 4233 antem
509 4184 648 4232 snactstncc
665 4182 762 4232 ocultae
779 4190 801 4233 et

201 4272 312 4321 telorum
334 4278 392 4322 erat
417 4280 577 4336 apparatus.
602 4272 645 4323 28.
668 4272 718 4321 Sed
745 4286 801 4321 curn

201 4360 409 4425 omnipotentem
427 4362 594 4411 invocassent
610 4362 657 4423 qui
673 4368 801 4425 potestate

200 4462 249 4498 sna
272 4450 341 4498 sires
364 4450 479 4499 hostium.
500 4448 657 4513 consrinqit,
677 4458 801 4514 ceperunt

201 4537 351 4595 t·ieitatem;
374 4545 397 4587 et
421 4550 451 4587 es
475 4539 512 4587 eis
537 4540 583 4601 qui
613 4540 685 4587 intus
714 4546 799 4598 erant,

203 4627 301 4689 riqinti
330 4626 447 4689 quinque
473 4627 562 4676 rutilio
587 4634 799 4691 prostraverunt.

202 4714 245 4763 29.
260 4716 326 4765 tude
347 4717 380 4765 aci
401 4717 535 4765 cit-itatem
551 4716 712 4777 Scytharum
727 4716 801 4765 abie-

200 4810 270 4865 runt,
286 4817 353 4867 qnae
369 4804 402 4854 ab
419 4802 589 4868 ierosolymis
606 4806 734 4855 sescentis
749 4812 802 4855 sta·

1471 405 1530 462 403

855 540 1016 616 κατελαὸον,
1031 541 1166 621 ἄπρακτόν
1181 567 1210 603 τε
1224 544 1278 605 ἀπὸ
1290 550 1341 606 τῶν
1354 550 1441 609 τόπων
1456 553 1529 611 ἐκλε-

853 629 965 702 λυκότα,
988 632 1200 692 καταλιλοιπότα
1225 634 1252 694 δὲ
1282 638 1396 716 φρουρὰν
1424 638 1452 697 ἀν
1480 664 1530 699 τινε

853 717 928 799 τόπῳ
942 718 987 779 καλ
1007 722 1081 796 μαλε
1099 722 1209 800 δχυροίν.
1227 725 1275 785 19.
1289 727 1419 795 Λυσίθεος
1439 728 1465 788 δὲ
1484 731 1529 789 καί

853 807 1028 889 Σωσίπατρος
1048 811 1100 868 τῶν
1122 810 1184 891 περὶ
1204 812 1249 870 τὸν
1270 814 1448 876 Miniciano
1468 822 1531 898 ἡγε-

854 898 941 971 μόνων
954 896 1136 966 ἀξοδεύσαντες
1150 898 1293 960 ἀπώλεσαν
1307 902 1367 972 τοὺς
1381 904 1431 963 ὑπὸ
1446 908 1530 983 Ἰἐμο-

852 984 913 1043 δίου
929 987 1151 1066 καταλειφθέντας
1163 990 1190 1046 ἐν
1203 992 1241 1067 τῷ
1254 991 1411 1070 ὀχυρώματι
1424 996 1529 1063 πλείους

852 1076 904 1133 τῶν
925 1073 1025 1153 μυρίων
1048 1076 1160 1156 ἀνδρῶν.
1175 1080 1225 1138 20.
1247 1080 1281 1139 Ὁ
1303 1080 1330 1139 δὲ
1352 1084 1530 1152 Μακκαὸαἳος

852 1162 977 1231 διατάξας
991 1163 1038 1234 τὴν
1057 1164 1120 1243 περί
1134 1166 1211 1225 αὐτὸν
1231 1168 1359 1247 στρατιὰν
1377 1174 1528 1252 σπειρηδὸν,

852 1251 1014 1323 κατέστησεν
1031 1252 1125 1320 αὐτοὺς
1145 1254 1189 1314 ίπί
1206 1258 1259 1315 τῶν
1279 1262 1406 1339 σπειρῶν,
1420 1261 1465 1321 καὶ
1484 1264 1528 1323 ἐπὶ

851 1340 895 1398 τὀν
923 1340 1055 1417 Τιμόθεον
1083 1340 1208 1422 ὥρμησεν
1237 1344 1332 1425 ἔχοντα
1359 1349 1420 1429 περὶ
1448 1352 1527 1411 αὐτὸν

852 1427 983 1507 μυριάδας
1001 1430 1103 1489 δώδεκα
1123 1435 1221 1508 πεζῶν,
1235 1436 1325 1502 ἱππεῖς
1342 1436 1369 1496 δὲ
1387 1439 1528 1519 δεςχιλίους

851 1516 915 1597 πρὸς
938 1525 992 1585 τοῖς
1013 1520 1207 1588 πεντακοσίοις.
1231 1526 1281 1583 21.
1302 1525 1360 1597 Τὴν
1383 1528 1412 1585 δὲ
1436 1528 1525 1608 ίφοδον

852 1605 1012 1681 μεταλαδὼν
1031 1606 1118 1668 Ἰούδα
1133 1614 1147 1669 δ
1160 1612 1290 1687 Τιμόθεος
1308 1613 1526 1691 προεξαπίστειλε
1593 1660 1599 1673 ·

850 1693 897 1762 τίες
920 1699 1046 1773 γυναῖκας
1070 1697 1116 1756 καί
1139 1697 1172 1756 τὰ
1196 1699 1275 1759 τέκνα
1299 1701 1345 1761 καί
1368 1704 1416 1774 τήν
1441 1705 1525 1780 ἀλλην

851 1784 1002 1855 ἀποσκευὴν
1021 1788 1057 1853 εἰς
1075 1787 1105 1845 τὸ
1123 1787 1266 1865 λεγόμενον
1285 1792 1409 1871 Καρνίον·
1423 1785 1455 1866 ἦν
1474 1795 1525 1874 γάρ

850 1871 1069 1953 δυςπολεόρκητον
1082 1875 1129 1935 καί
1148 1877 1312 1955 δυςπρόςιτον
1325 1880 1355 1939 τὸ
1369 1883 1466 1962 χωρίον
1481 1886 1525 1943 δεδι

850 1959 897 2029 τὴν
910 1959 1018 2021 πάντων
1033 1965 1087 2021 τῶν
1102 1963 1190 2023 τόπων
1211 1966 1365 2039 στενότητα.
1379 1972 1429 2031 22.
1445 1971 1524 2032 Ἐπι·
1599 2025 1602 2032 .

851 2049 976 2128 φανείσης
996 2050 1024 2109 δὲ
1041 2055 1089 2123 τῆς
1107 2051 1195 2113 Ἰούδα
1218 2054 1328 2133 σπείρας
1350 2058 1458 2138 πρώτης
1479 2063 1525 2122 καί

849 2137 989 2214 γενομένου
1004 2137 1077 2206 δίους
1093 2139 1138 2199 ἐπί
1155 2140 1215 2208 τοὺς
1232 2146 1376 2221 πολεμίους
1394 2149 1476 2226 φόάου
1495 2176 1525 2210 τε

851 2227 880 2283 ἐκ
894 2228 942 2295 τῆς
954 2232 1002 2284 τοῦ
1016 2228 1106 2285 πάντα
1120 2232 1269 2307 ἐφορῶντος
1284 2235 1436 2312 ἐπιφανείας
1452 2260 1525 2315 γενο-

851 2310 930 2387 μένου
948 2313 989 2371 ἀπ’
1011 2313 1115 2389 αὐτοὺς,
1132 2317 1169 2383 εἷς
1186 2319 1272 2395 φυγὴν
1294 2318 1423 2398 ὥρμησαν
1448 2328 1540 2394 σίλλος,

850 2402 957 2481 ἀλλαχῆ
986 2404 1136 2481 φερόμενος,
1157 2402 1220 2471 ῶςτε
1244 2408 1374 2477 πολλάκις
1396 2413 1448 2473 ὑπὸ
1471 2418 1523 2475 τῶν

850 2489 922 2548 ἰδίων
938 2490 1103 2567 βλάπτεσθαι
1120 2493 1166 2552 καί
1185 2498 1243 2560 ταῖς
1257 2499 1310 2554 τῶν
1325 2498 1405 2580 ξιφῶν
1425 2505 1524 2577 ἀκμαῖς

850 2578 1048 2658 ἀναπείρεσθαι.
1067 2582 1117 2641 23.
1137 2581 1272 2643 Ἰίποεεῖτο
1293 2585 1320 2644 δὲ
1341 2588 1385 2647 τὸν
1407 2592 1523 2671 διωγμὸν

849 2666 1022 2747 εὐτονώτερον
1030 2669 1132 2737 Ἰούδας
1142 2676 1289 2751 συγκεντῶν
1298 2675 1357 2744 τοὺς
1365 2680 1522 2760 ἀλιτηρίους,

848 2755 977 2835 διέφθειρέ
1009 2781 1038 2817 τε
1075 2759 1111 2825 εἰς
1143 2763 1274 2843 μυριάδας
1308 2767 1377 2843 τρεῖς
1406 2770 1519 2850 ἀνδρῶν.

848 2846 898 2904 24.
913 2845 998 2912 Αὐτὸς
1016 2844 1044 2904 δί
1063 2850 1077 2905 b
1096 2847 1226 2924 Τιμόθεος
1245 2854 1373 2929 ἐμπεσὼν
1389 2867 1443 2926 τοῖς
1461 2862 1522 2940 περί

847 2931 892 2990 τὸν
917 2934 1050 2994 Δωσίδευν
1077 2935 1124 2994 καλ
1153 2939 1332 3017 Σωσίπατρον
1356 2945 1430 3016 ἠξίου
1454 2949 1522 3025 ussit

848 3024 949 3095 πολλῆς
963 3022 1084 3101 γοητείας
1102 3024 1235 3107 ίξαφεῑναι
1254 3034 1322 3090 σῶον
1341 3036 1418 3095 αὐτὸν
1432 3037 1476 3097 δεδι
1492 3041 1522 3100 τὸ

847 3112 974 3173 πλειόνων
996 3112 1043 3188 μίν
1066 3122 1160 3192 γονεῖς,
1181 3108 1217 3175 ῶν
1241 3118 1268 3178 δί
1290 3122 1416 3203 ἀδελφοὺς
1439 3127 1519 3205 ἔχειν,

847 3197 892 3257 καί
906 3198 1013 3266 τούτους
1025 3202 1189 3277 thomatem
1201 3205 1378 3280 συμόήοεται.
1393 3216 1442 3273 25.
1458 3218 1523 3275 Πεσ-

848 3286 980 3353 τώσαντος
998 3286 1026 3346 δὲ
1046 3290 1126 3347 αὐτοῦ
1141 3290 1184 3351 διδ
1202 3293 1332 3353 πλειόνων
1350 3300 1393 3358 τὸν
1413 3306 1521 3379 ὁρισμὸν

797 3456 801 3461 ¹
848 3378 1069 3448 ἀποκαταστῆσαι
1078 3377 1375 3459 τούτουςάπημοίντους,
1387 3390 1521 3452 ἀπελυσαν

848 3462 926 3521 αὐτὸν
941 3464 1019 3523 ἕνεκα
1033 3468 1080 3537 τῆς
1094 3470 1147 3526 τῶν
1161 3469 1282 3549 ἀδελφῶν
1297 3476 1438 3555 σωτηρίας.

888 3554 938 3611 26.
960 3552 1089 3620 Ἐξελδάιν
1115 3555 1142 3614 δί
1166 3556 1210 3615 ἐπὶ
1231 3562 1262 3618 τὸ
1285 3564 1399 3643 Καρνίον
1423 3568 1468 3627 καί
1492 3573 1522 3630 τὸ

848 3638 1025 3719 Ἀτεργατεῖον
1055 3645 1203 3723 κατέσφαξε
1229 3652 1360 3726 μυρεοίδας
1389 3659 1521 3730 οωμοίτων

848 3726 893 3787 δύο
918 3729 964 3789 καί
987 3735 1224 3812 πεντακιςχιλίους.
1248 3740 1296 3799 27.
1318 3742 1397 3803 Μετὰ
1423 3746 1450 3805 δὲ
1473 3747 1522 3821 τὴν

848 3815 948 3876 τούτων
967 3817 1066 3898 τροπὴν
1088 3822 1135 3881 καὶ
1156 3821 1291 3883 ἀπώλειαν
1315 3832 1522 3911 ἐπεστράτευσεν

847 3906 892 3965 καί
909 3908 951 3965 ἐπὶ
968 3906 1073 3988 ’Eppius
1092 3909 1169 3969 πόλιν
1182 3914 1292 3993 δχυράν,
1308 3918 1334 3975 ίν
1353 3926 1370 3996 ἡ
1389 3924 1522 4007 πάμφυλα

848 3994 947 4067 πλήθη,
964 3994 1065 4055 νεανίαι
1082 3998 1110 4057 δὲ
1130 4002 1262 4080 ῥωμαλέοι
1284 4006 1335 4086 πρὸ
1353 4012 1406 4069 τῶν
1425 4018 1522 4096 τειχῶν

848 4086 1010 4152 καθεστῶτες
1039 4085 1177 4167 εὐρώστως
1204 4095 1385 4174 ἀπεμάχοντο,
1409 4102 1470 4164 ἔνθα
1495 4108 1521 4166 δὲ

847 4174 964 4253 ὀρχοίνων
981 4173 1027 4233 καλ
1048 4179 1131 4255 βελῶν
1150 4181 1247 4239 πολλοὶ
1260 4186 1418 4266 παραδίσεις
1433 4197 1522 4275 ὑπῆρ-

847 4284 905 4341 χον.
929 4264 978 4323 28.
1002 4265 1244 4345 Ἐπικαλεσάμενοι
1270 4273 1297 4331 δὲ
1323 4276 1367 4334 τὸν
1393 4281 1524 4355 δυναίστην

848 4350 890 4409 τὸν
910 4350 977 4428 μετὰ
991 4355 1105 4431 κριίτους
1120 4358 1293 4435 ουντρίδοντα
1309 4363 1357 4431 τὰς
1373 4370 1425 4425 τῶν
1442 4374 1523 4431 πολε-

848 4440 915 4515 μίων
930 4438 1024 4518 ἀλκὰς,
1037 4440 1133 4503 ἔλαθον
1153 4445 1200 4517 τὴν
1219 4448 1297 4508 πολιν
1312 4455 1463 4537 ὑποχείριον
1477 4462 1524 4521 καί

848 4528 1036 4607 κατίστροισαν
1055 4535 1108 4590 τῶν
1127 4531 1199 4591 ἔνδον
1214 4540 1251 4603 εἰς
1265 4542 1397 4618 μυριοίδας
1415 4548 1461 4608 δύο
1480 4552 1526 4610 καὶ

849 4616 1086 4697 πεντακεςχελίους.
1101 4624 1150 4679 29.
1167 4622 1364 4699 ’ἀναζεύξαντες
1383 4633 1410 4692 δὲ
1430 4640 1526 4699 ἐκεῖθεν

848 4706 979 4784 ὥρμησαν
997 4707 1042 4765 ἐπὶ
1063 4710 1174 4769 Σκυδῶν
1195 4713 1283 4788 πόλιν,
1302 4720 1454 4801 ἀπέχουσαν
1474 4731 1528 4791 ἀπὸ

849 4792 1040 4873 Ἱεροσολύμων
1059 4798 1181 4867 σταδίους
1198 4791 1427 4877 ἐξακοσίους.’30.
1445 4816 1528 4878 Ἀπα-
