3625 5367
754 328 783 385 l.
806 341 900 386 naen.
925 325 989 396 lai.
1498 331 1536 390 95

201 480 275 530 aenit
305 485 330 528 ct
358 478 504 542 quaerebat
532 493 574 528 eas
602 480 634 528 in
661 479 805 540 montibus,
853 466 926 555 εἶρε·
951 475 997 536 καλ
1021 475 1108 549 ἐζήτει
1131 476 1226 544 αὐτούς
1249 481 1275 536 ἐν
1296 481 1350 544 τοῖς
1375 476 1472 558 ὄρεσιν,
1495 477 1537 538 ὅτι

202 569 330 632 quoniam
344 568 414 617 dicit
429 580 438 617 .·
453 566 565 632 sapiunt
579 568 609 618 hl
624 569 742 618 anobis.
854 555 922 624 εἶπε·
935 565 1076 648 φεύγουσιν
1092 557 1162 626 οὗτοι
1177 565 1223 646 ἄρ’
1242 571 1324 643 ήμῶν.
1418 593 1419 598 “

237 656 262 707 6.
279 662 388 707 Etcum
407 655 565 721 dicrfactue
582 664 659 718 erret,
677 659 808 723 apparuit
896 655 925 715 6,
953 654 1008 716 Καὶ
1033 653 1089 732 ἅμα
1113 654 1203 737 ἡμέρη
1227 652 1303 735 ὤρθη
1327 653 1429 722 Ἰούδας
1453 657 1538 736 ἐντῷ

202 745 284 795 tudae
313 746 344 796 in
370 756 462 810 campo
487 759 545 795 cum
569 747 656 796 tribua
683 739 808 796 millibus
854 743 938 822 πεδίῳ
962 745 988 803 ἐν
1011 745 1167 823 τρισχιλίοις
1191 744 1312 823 ἀνδράσι·
1338 742 1408 816 πλὴν
1431 743 1538 820 καλύμ-

201 836 321 884 oirorum
336 839 452 894 tantum,
469 835 517 896 qul
535 841 687 899 tegumenta
706 841 730 884 ct
745 834 808 898 pla·
855 855 928 907 ματα
949 830 994 892 καί
1020 833 1156 912 μαχαίρας
1180 834 1228 892 οὐκ
1252 822 1324 913 εἶχον
1346 831 1432 899 καθώς
1452 833 1539 905 ἠθού-

202 923 260 973 dlaa
279 936 335 972 non
359 922 510 983 habebant‚·
527 923 553 973 7.
573 930 597 973 et
619 925 744 974 ciderunt
764 936 807 972 cc·
853 921 941 978 λοντσ·
959 923 988 982 7.
1001 922 1047 980 καί
1058 900 1127 980 είδον
1138 920 1315 1000 παρεμὸολὴν
1330 923 1409 980 ἐθνῶν
1425 921 1538 1003 ἰσχυράν

200 1011 391 1082 strepentium
403 1011 497 1062 calida
512 1018 536 1062 et
552 1011 679 1062 loricatos
693 1018 719 1061 et
735 1013 808 1074 equi·
853 1009 1086 1088 τεθωρακισμένην
1101 1009 1147 1068 καί
1171 1007 1254 1068 ‘ianoe
1272 1012 1423 1071 κυκλοῦσαν
1443 1011 1536 1088 αὐτὴν,

203 1106 274 1151 tatas
293 1100 324 1151 in
343 1101 460 1150 circuilu
478 1113 579 1161 torum,
594 1108 617 1151 ct
638 1101 668 1150 ltt'
687 1101 758 1151 dotti
773 1101 808 1150 td
853 1095 900 1157 καὶ
924 1088 995 1156 οὗτοι
1021 1099 1142 1157 διδακτοὶ
1172 1097 1300 1174 πολέμου.
1330 1101 1359 1160 8.
1384 1098 1439 1159 Καί
1463 1089 1536 1158 εἶπεν

199 1188 343 1254 proelium.
355 1189 381 1239 8.
393 1189 426 1238 lit
437 1188 477 1237 att
489 1189 572 1239 ludas
582 1190 651 1240 airis
664 1192 711 1253 qut
722 1202 809 1240 recum
853 1184 957 1254 ’Ἰούδας
970 1186 1024 1252 τοῖς
1036 1185 1162 1266 ἀνδράσιν
1179 1195 1234 1254 τοῖς
1252 1189 1311 1265 μετ’
1327 1189 1416 1246 αὐτοῦ·
1433 1187 1469 1263 μή
1485 1209 1534 1268 ρο-

201 1284 278 1327 εεακι
311 1291 320 1326 .·
352 1291 386 1327 ne
423 1278 570 1328 timueritis
606 1277 807 1329 multitudinem
854 1273 943 1334 δεῖσθε
965 1275 995 1334 τὸ
1017 1277 1116 1346 πλῆθος
1140 1276 1228 1335 αὐτῶν
1243 1275 1289 1334 καλ
1313 1275 1343 1334 τὸ
1363 1275 1473 1352 ὅρμημα
1488 1279 1535 1336 αύ-

201 1378 291 1416 corum
303 1373 328 1415 et
341 1365 471 1431 impetum
489 1380 581 1417 corum
595 1380 629 1417 ne
646 1366 806 1432 formidetis.
853 1366 905 1421 τῶν
921 1361 959 1442 μὴ
975 1364 1128 1436 δειλοιθῆτε.
1141 1368 1171 1426 9.
1188 1362 1332 1436 Μνήσθητε
1346 1367 1382 1430 ta
1397 1363 1535 1436 ἐσώθησαν

202 1454 396 1506 Mementote
418 1455 539 1518 qualiter
558 1454 631 1506 ecloi
654 1456 722 1521 sacti
745 1463 808 1506 runt
853 1453 878 1512 ai
905 1452 1020 1532 πατέρες
1042 1455 1120 1530 ἡμῶν
1147 1453 1174 1512 ἐν
1203 1451 1325 1534 θαλάσσῃ
1353 1454 1459 1534 ἐρυθρᾷ,
1492 1453 1535 1513 ὅτε

199 1550 291 1610 patrer
314 1544 403 1594 nostri
426 1544 458 1593 in
478 1545 550 1594 mari
569 1545 661 1606 rubro,
682 1558 741 1594 cum
765 1558 807 1595 re·
853 1539 959 1610 ἐδίωξεν
980 1539 1075 1609 αύτοθς
1095 1539 1201 1622 Φαραὼ
1218 1542 1245 1601 ἐν
1263 1542 1384 1618 δυνάμει.
1410 1544 1458 1603 10.
1483 1542 1536 1602 ttal

201 1639 325 1696 queretur
339 1646 381 1682 eor
395 1633 504 1683 Pharao
523 1647 582 1683 cum
601 1634 718 1684 exercitu
737 1633 808 1683 mul·
853 1634 898 1688 νῦν
918 1628 1058 1709 βοήσιυμεν
1081 1632 1117 1698 εἰς
1137 1629 1181 1689 τὸν
1196 1629 1317 1709 οὖρανθν,
1339 1631 1419 1698 είπως
1434 1631 1536 1701 ἐλεήσει

201 1728 242 1782 tc,·
264 1721 305 1773 10.
319 1727 345 1772 ct
362 1735 435 1771 nunc
457 1720 600 1772 clamemur
619 1724 651 1772 in
668 1721 769 1772 coelum
783 1727 809 1771 et
853 1717 993 1795 ἡμᾶςκαὶ
1029 1716 1214 1797 μνησθήσεται
1250 1717 1378 1792 διαθήκης
1412 1717 1535 1797 πατίρων

200 1810 465 1860 miserebiturnoctri
476 1812 604 1860 Dominus
614 1817 639 1860 et
649 1824 747 1860 memor
756 1810 808 1860 erit
853 1809 931 1883 ἡμῶν
950 1807 995 1864 κοιλ
1014 1806 1150 1889 συντρίψει
1168 1805 1215 1878 τὴν
1238 1804 1413 1885 παρεμύολὴν
1437 1807 1535 1880 ταύτην

203 1901 356 1948 testamenti
364 1904 475 1964 patrum
487 1905 639 1950 nostrorum
655 1907 680 1948 et
694 1903 808 1950 conteret
854 1893 924 1954 κατδι
937 1894 1075 1975 πρόςωπον
1093 1899 1171 1972 ἡμῶν
1188 1895 1314 1976 σήμερον·
1336 1900 1385 1958 il.
1406 1895 1452 1955 καλ
1468 1895 1537 1977 γνώ-

200 1989 345 2037 εεεειίιιιιιι
368 1988 451 2037 tetum
477 1994 539 2037 ante
562 1987 661 2052 taciem
688 1995 818 2040 noctram.
854 2006 929 2044 σεται
943 1984 1033 2051 πάντα
1054 1981 1089 2043 τά
1108 1982 1169 2056 ἔθνη
1190 1981 1230 2042 δτι
1244 1983 1316 2044 ἐστιν
1334 1985 1537 2064 θλυτρούμινος

203 2076 295 2136 haam
314 2076 354 2128 Η·
371 2083 397 2126 et
414 2076 499 2126 scunt
518 2089 606 2126 omitit
626 2077 809 2141 conten-quic
853 2071 900 2132 καλ
915 2070 1006 2141 σώζων
1025 2072 1069 2132 τὸν
1083 2071 1201 2151 Ἰσραήλ.
1222 2075 1269 2134 12.
1289 2073 1344 2134 Kal
1359 2065 1427 2154 ήραν
1444 2076 1468 2133 ci
1484 2075 1536 2132 άλ-

203 2165 301 2228 ectqul
320 2163 437 2214 redimat
451 2170 476 2215 et
491 2164 584 2215 liberet
601 2164 698 2216 lsrael.
717 2163 757 2216 tt.
775 2170 809 2215 Et
854 2160 962 2244 λύρυλοι
998 2161 1058 2230 τοθς
1090 2160 1243 2245 ὀφθαλμούς
1276 2163 1364 2221 αὐτῶν
1400 2166 1446 2221 καὶ
1479 2161 1534 2221 ἴδον

200 2251 373 2304 elevaverunt
396 2251 567 2317 alienigenae
592 2254 681 2305 aculae
703 2267 766 2303 ευοε
784 2260 809 2304 et
854 2247 948 2318 αὐτούς
959 2249 1117 2332 ἐρχομένους
1131 2249 1292 2330 ἐξεναντίας,
1309 2253 1357 2313 13.
1370 2249 1415 2310 καὶ
1427 2249 1534 2323 ἐξῆλθον

201 2341 329 2392 ciderunt
342 2355 385 2391 ccc
399 2343 536 2393 uenientes
548 2356 579 2392 ec
592 2342 712 2403 adverso,
730 2342 769 2394 13.
785 2350 808 2392 et
854 2341 885 2397 ἐκ
898 2341 945 2410 τῆς
961 2340 1135 2421 παρεμὸολής
1153 2341 1190 2407 είς
1209 2339 1340 2417 πόλεμον·
1356 2339 1401 2399 καλ
1421 2339 1533 2398 ίσάλπι-

200 2431 322 2481 erlerunt
339 2429 370 2479 dc
389 2431 486 2480 caetris
501 2431 532 2480 tn
544 2431 688 2496 proelium,
704 2438 730 2481 ct
744 2431 809 2480 tuba
854 2450 904 2486 σαν
924 2429 949 2486 oi
971 2427 1045 2506 παρὰ
1065 2427 1164 2503 Ἰούδα,
1197 2430 1246 2489 id.
1271 2427 1317 2487 καί
1339 2431 1459 2507 συνῆψαν
1487 2430 1532 2487 καί

200 2520 351 2569 cecinerunt
364 2519 394 2569 hi
407 2520 454 2580 qui
467 2525 546 2569 erant
560 2521 710 2582 caminata,
728 2519 768 2570 il.
784 2527 808 2568 ct
854 2514 1094 2595 συνετρίύησαντθι
1114 2515 1175 2588 ἔθνη
1201 2514 1247 2575 καί
1270 2515 1365 2595 ἐφυγον
1389 2518 1425 2583 είς
1439 2517 1469 2576 τδ
1483 2540 1533 2576 πε·

200 2608 336 2671 conpressi
356 2613 420 2657 rant
440 2615 465 2657 et
483 2610 615 2658 contritae
634 2615 696 2658 runt
718 2615 809 2671 pentes
854 2603 918 2676 δίον,
941 2606 989 2666 15.
1021 2606 1045 2663 οί
1070 2605 1098 2663 δέ
1126 2603 1236 2684 ἔσχατοι
1264 2603 1361 2671 πάντες
1391 2604 1484 2664 ἔπεσον
1507 2608 1533 2665 ἐν

200 2703 225 2746 et
243 2695 372 2760 [coemat
393 2697 424 2746 ln
446 2710 581 2762 campum;
606 2698 646 2748 15.
665 2697 808 2747 novissimi
854 2691 975 2773 pomponia
989 2695 1035 2752 καὶ
1049 2690 1159 2762 ἐδίωξαν
1175 2691 1269 2761 αὐτοὺς
1281 2691 1330 2761 ἐυνς
1344 2691 1472 2773 Γαζήριον
1487 2692 1532 2752 καλ

200 2790 288 2834 autem
315 2798 405 2834 omnes
434 2786 585 2836 ceciderunt
608 2786 641 2835 in
665 2783 759 2849 plodio
782 2792 808 2835 et
853 2780 903 2847 ἕως
913 2783 966 2840 τῶν
981 2779 1079 2840 πεδίων
1091 2784 1139 2853 τῆς
1153 2779 1286 2850 Ἰουδαίας
1299 2781 1346 2840 καλ
1359 2779 1473 2851 Ἀζώτου
1488 2781 1534 2843 καὶ

198 2874 332 2937 persecuti
362 2880 426 2923 cunt
453 2886 495 2924 eoa
524 2887 606 2938 usque
638 2876 756 2925 Gazaion
783 2882 807 2924 et
854 2868 973 2947 Ἰαμνίας
989 2869 1034 2930 καὶ
1049 2869 1143 2930 ἔπεσον
1159 2869 1185 2938 ἐξ
1201 2873 1288 2930 αὐτῶν
1301 2872 1337 2940 εἷς
1351 2869 1447 2952 ἄνδρας
1460 2893 1533 2951 τρισ-

198 2974 281 3024 usque
300 2963 332 3012 in
350 2975 458 3026 campos
478 2963 622 3013 idumaeae
643 2971 667 3013 et
686 2964 765 3012 Arati
783 2970 808 3013 et
853 2957 968 3039 χιλίους.

199 3049 321 3100 lamniae
339 3058 364 3100 ct
383 3051 535 3102 ceciderunt
548 3065 580 3101 ec
594 3051 655 3103 illie
669 3065 751 3115 usque
773 3052 808 3101 ad

200 3139 255 3189 tria
269 3138 361 3205 millia
377 3141 509 3190 atrorum.

235 3278 267 3330 In
278 3293 307 3331 r.
326 3280 356 3331 15
371 3281 449 3332 colus
465 3280 554 3333 codex
569 3282 593 3332 A
606 3281 724 3346 praebet
737 3277 862 3344 Ιουδαιας,
877 3280 931 3332 rell
947 3293 1013 3330 omn
1028 3276 1173 3347 Ιδυυμαίας,
1189 3281 1306 3371 σῑίαιπρε
1320 3293 1344 3332 a.

242 3445 397 3514 Narratio
413 3446 518 3514 huius
529 3445 612 3513 libri
631 3452 711 3536 apte
725 3447 905 3536 suppletur
918 3450 953 3514 et
964 3444 1158 3514 illustratur
1173 3445 1215 3513 iia
1230 3444 1370 3534 quaein
1385 3451 1405 3511 2
1424 3444 1528 3514 illach.

200 3555 342 3636 &ii-32
356 3552 542 3622 habentur.
559 3551 660 3620 ludas
679 3553 810 3643 quippe
828 3574 898 3620 non
917 3551 1029 3619 solum
1044 3551 1212 3634 tribunos,
1227 3550 1446 3620 centuriones
1462 3556 1528 3620 etc.

199 3657 392 3741 coustituit,
408 3657 595 3728 aedictum
613 3681 716 3727 suum
730 3658 930 3742 exereitum,
946 3680 1002 3725 sex
1015 3655 1128 3725 millia
1148 3659 1303 3726 virorum
1317 3658 1351 3724 in
1368 3662 1532 3747 quattuor

198 3763 314 3833 divisit
326 3765 484 3833 cohortes
499 3787 646 3855 quarum
664 3787 893 3857 unaquaeque
909 3763 1061 3832 hahebat
1075 3763 1169 3830 mille
1185 3763 1392 3852 quingentos
1406 3763 1532 3831 milites

197 3875 233 3937 el
246 3869 351 3939 duces
366 3893 486 3940 earum
497 3871 672 3940 constituit
686 3872 809 3940 iratres
822 3893 902 3940 snos
915 3891 1032 3938 secum
1041 3871 1227 3953 Simonem,
1242 3875 1418 3951 loannem,
1436 3875 1533 3968 lena-

196 3975 294 4044 than.
311 3977 346 4045 Si
364 3978 481 4067 itaque
502 3978 670 4046 innostra
692 3978 758 4046 hae
779 3977 979 4047 narratione
1002 3975 1102 4045 ludas
1116 3976 1182 4044 tria
1203 3975 1312 4044 millia
1330 3999 1447 4044 secum
1470 3976 1533 4044 ha·

109 4166 112 4173 ⁴
197 4082 269 4167 bet,
293 4082 395 4152 simul
418 4105 497 4152 cum
522 4107 561 4152 eo
584 4083 682 4153 adest
706 4107 797 4154 unus
822 4108 863 4152 ex
881 4083 1049 4152 iratribus
1070 4091 1231 4151 cum'sua
1256 4085 1409 4152 cohorte.
1434 4089 1473 4152 nt
1496 4084 1533 4151 in

196 4195 313 4257 nostro
329 4189 421 4257 libro
436 4197 598 4260 narratur
612 4192 755 4260 victoria
767 4192 812 4258 ah
826 4191 868 4259 iis
881 4190 995 4258 tribus
1007 4190 1163 4258 millibus
1179 4196 1354 4281 reportata
1370 4197 1402 4258 et
1418 4190 1533 4258 clades

197 4295 343 4384 Gorgiae
364 4296 461 4364 ducis
489 4298 581 4388 (3‚18
608 4299 713 4388 seq.);
737 4322 777 4364 ex
795 4299 904 4365 altero
926 4297 1017 4364 libro
1039 4302 1155 4365 autem
1179 4296 1319 4365 additur
1337 4297 1530 4364 coniunctis

197 4402 401 4471 ludaeorum
419 4403 550 4472 viribus
563 4405 764 4473 Nicanorem
781 4426 921 4495 quoque
936 4425 1006 4473 esse
1022 4403 1193 4471 devictum
1213 4408 1248 4470 et
1264 4404 1480 4470 Timotheum
1495 4409 1529 4470 et-

198 4508 416 4578 Bacchidem.

243 4615 397 4704 Gorgias,
417 4617 471 4685 vir
489 4620 539 4686 rei
554 4617 712 4685 militaris
725 4617 855 4707 peritus
871 4619 905 4707 (2
920 4617 1023 4686 Mach.
1041 4615 1112 4704 8,9)
1132 4636 1193 4705 per
1206 4614 1324 4682 dolum
1346 4620 1380 4681 et
1400 4615 1529 4706 impro-

198 4722 270 4789 viso
287 4723 402 4813 copias
423 4725 524 4793 ludae
543 4722 688 4814 aggredi
710 4747 750 4791 ac
770 4724 950 4814 dispellere
970 4722 1093 4806 voluit;
1119 4743 1226 4811 quare
1251 4719 1356 4810 elegit
1374 4721 1530 4814 quinque
