3625 5367
15 12 430 143 ...-

736 328 763 385 1.
789 344 883 387 utcu.
907 328 990 398 213.
1387 363 1392 373 ·
1490 335 1528 392 67

235 478 351 538 Verum
368 477 447 538 haee
467 476 535 538 sine
550 477 674 539 ratione
690 474 871 547 sufficienti,
889 478 954 538 imo
967 481 1089 538 temere
1107 479 1315 539 affirmantur.
1334 482 1411 540 Nam
1425 484 1530 543 curin

195 576 294 636 altero
310 575 391 636 libro
411 575 492 635 nihil
512 576 715 636 contineatur
735 576 773 636 de
796 576 979 647 Mathathiu‚
1000 576 1084 636 clare
1104 577 1275 655 exponitur
1289 580 1308 636 ί
1323 579 1422 639 Mach.
1445 582 1527 652 220.

196 674 293 735 Porro
314 674 446 733 initium
466 673 688 750 oppressionis
711 674 851 734 breviter
873 674 978 733 solum
998 674 1140 751 tangitur
1160 675 1191 733 in
1214 676 1312 736 altero
1337 676 1433 743 libro:
1459 681 1528 750 537

196 771 281 831 idern
298 770 396 831 refert
414 770 533 847 quodi
551 770 651 831 Mach.
668 772 740 843 228
759 772 911 843 retortum
934 773 1005 843 6,ss
1023 777 1128 832 narret
1147 773 1234 850 quod
1252 774 1266 830 1
1286 774 1382 834 Maeh.
1406 776 1531 845 nat-38

196 867 342 929 habetur.
363 868 429 927 turn
450 885 544 928 nemo
566 868 687 946 poterit
709 869 941 941 demonstrare,
964 886 1020 930 cur
1041 887 1104 938 non
1125 888 1229 947 pauca
1251 871 1356 949 illati
1379 873 1479 933 tinch.
1498 876 1528 943 θ,

197 968 237 1025 θθ
256 964 338 1044 seq.)
357 966 455 1025 inseri
476 965 600 1043 possint
615 970 688 1026 ante
704 968 722 1025 ,θ
738 966 838 1026 Maeh.
859 968 923 1037 ur,
943 984 1007 1043 quo
1024 967 1094 1025 loco
1115 956 1208 1027 iudas
1230 968 1423 1029 describitur
1440 970 1473 1028 in
1494 988 1532 1029 ea

198 1063 363 1141 dignitate,
381 1080 445 1140 qua
460 1063 551 1123 nobis
568 1062 738 1123 exhibetur
753 1065 768 1122 t
787 1064 888 1124 Meeh.
906 1066 958 1133 33
977 1081 1044 1139 seq.
1063 1064 1148 1133 Quae
1165 1066 1258 1125 Niese
1274 1066 1313 1125 de
1333 1067 1531 1128 Asanronaeo

198 1161 389 1238 suspicatur,
405 1161 503 1239 gratis
519 1159 711 1239 suspicatur,
730 1177 805 1220 curn
821 1161 889 1237 ipse
905 1161 1043 1221 fateatur
1054 1179 1113 1221 nos
1129 1162 1169 1221 de
1185 1180 1222 1222 eo
1237 1162 1331 1240 plane
1342 1163 1423 1222 nihil
1437 1164 1529 1224 seire.

238 1259 331 1318 Liber
348 1258 485 1335 scriptus
504 1261 561 1329 est,
577 1261 750 1334 antequam
766 1258 886 1336 posteri
909 1258 1102 1319 Methathiae
1122 1259 1296 1338 degeneres
1317 1261 1390 1321 santi
1411 1265 1533 1321 suntet

199 1356 392 1433 impugnati;
410 1372 485 1433 ergo
506 1361 575 1414 tum
596 1354 731 1415 minime
746 1372 878 1415 neeesse
900 1360 967 1415 erat
982 1373 1038 1417 eos
1058 1356 1187 1417 fictione
1204 1356 1325 1417 nobilis
1344 1357 1475 1435 originis
1493 1358 1531 1418 ab
1576 1361 1579 1365 '

198 1452 441 1533 impugnatione
457 1453 550 1514 tueri.

466 1697 493 1753 7.
511 1692 577 1768 θνα
590 1692 734 1753 οεοαείοιιε
747 1694 842 1769 coepte
857 1691 897 1752 eit
909 1691 1036 1770 defensio
1050 1693 1119 1769 ίερίε
1134 1698 1266 1766 nlo-⁶26.

236 1902 309 1960 215.
322 1899 354 1949 Et
364 1906 493 1951 venenant
506 1898 573 1950 illue
584 1900 631 1963 qni
641 1900 716 1949 ιιιίεεί
727 1906 803 1949 erent
891 1898 974 1966 215.
999 1896 1052 1956 Καί
1070 1886 1151 1968 ἦλθον
1170 1899 1194 1955 oi
1210 1894 1284 1976 παρὰ
1298 1901 1345 1954 τοῦ
1365 1896 1495 1977 βασιλέως
1505 1898 1528 1959 ei

201 2004 217 2037 ο
230 2002 292 2053 repe
302 1989 441 2050 Antiocho,
455 1996 483 2037 ut
496 1996 616 2051 cogerent
631 2002 673 2037 eos
684 1989 731 2051 qni
741 2002 804 2038 eon-
850 1986 1094 2063 καταναγκοίζονιες
1112 1985 1161 2056 τὴν
1180 1984 1347 2044 ἀποστασίαν
1365 1986 1401 2052 είς
1422 1980 1530 2045 Μωθείν

200 2076 326 2141 superent
346 2079 378 2128 in
401 2080 535 2127 civitatem
557 2076 647 2127 Ιοιίίιι
666 2077 804 2127 immolare
850 2072 897 2143 τὴν
913 2073 989 2131 πολιν
1001 2071 1045 2131 ἵνα
1061 2073 1219 2134 θυοιόσευσι.

200 2175 223 2215 et
239 2168 378 2216 σεεευσεεε
396 2168 477 2216 thure
497 2172 520 2215 et
543 2180 560 2215 ο
580 2166 635 2229 tege
654 2167 701 2216 Dei
723 2167 804 2215 disee-

201 2258 270 2305 dere.
291 2256 333 2306 td.
347 2256 380 2306 Et
393 2256 473 2305 multi
488 2256 519 2305 de
528 2256 628 2322 populo
646 2256 730 2305 lsrael
745 2270 805 2305 eon·
892 2253 941 2313 16,
961 2252 1017 2312 Καὶ
1038 2254 1132 2311 πολλοὶ
1151 2250 1204 2310 ἀπὸ
1227 2249 1337 2330 Ἰσραὴλ
1359 2251 1424 2330 πρὸς
1438 2249 1529 2316 αθιυίνς

200 2346 344 2394 sentientes
363 2353 527 2417 decesserunt
546 2346 580 2395 ad
600 2358 658 2405 eos;
680 2344 724 2394 sed
746 2345 802 2397 1e.-
850 2343 1008 2421 προςῆλθον,
1025 2341 1071 2399 καί
1093 2341 1250 2409 Ματταθίας
1272 2340 1318 2398 καί
1337 2341 1362 2398 οί
1385 2340 1435 2399 ulei
1450 2341 1530 2399 αὐτοῦ

200 2434 322 2484 ίίιοίθίοε
332 2440 355 2483 εί
364 2432 418 2499 pte·
428 2436 487 2484 eina
496 2441 648 2485 constanter
659 2439 804 2491 steterunt;
851 2428 1034 2507 συνήχθησαν,
1045 2431 1094 2489 17.
1111 2428 1157 2486 καί
1169 2427 1350 2505 ἀπεκρίθησαν
1359 2432 1383 2488 et
1399 2427 1473 2506 παρόν
1484 2434 1529 2488 τοῦ

203 2524 243 2573 n.
261 2530 284 2571 et
307 2523 494 2588 respondentes
510 2525 556 2587 qui
578 2524 654 2573 ιηίνθῖ
673 2530 750 2572 erosit
771 2522 804 2570 οθ
853 2516 982 2595 βασιλέως
1005 2517 1051 2574 καί
1073 2506 1147 2574 εἶπον
1173 2520 1212 2595 τῷ
1233 2516 1376 2595 Ματταθίρ
1398 2516 1526 2593 λέγοντες·

200 2602 330 2661 Antiocho
344 2612 469 2661 dixerunt
484 2612 805 2675 Ιοελοείιίοεερνίαεερε
851 2603 1003 2685 ἄρχεινκαὶ
1022 2603 1121 2673 ἔνδοξος
1145 2603 1192 2663 καί
1211 2603 1293 2681 μέγας
1312 2595 1336 2661 εί
1356 2608 1382 2663 ἐν
1403 2602 1526 2683 τῇπόλιι

199 2708 223 2749 ει
238 2700 405 2751 clarissimus
420 2708 445 2750 et
462 2714 573 2765 arnpnus
588 2714 614 2749 es
630 2702 660 2749 tn
675 2702 724 2749 ίιοο
737 2700 806 2749 ciui·
851 2693 936 2773 ταύτῃ
950 2693 997 2752 καί
1011 2692 1197 2773 ίστηριγμίνος
1211 2694 1238 2750 ίν
1251 2694 1316 2759 υίοῖς
1332 2693 1377 2751 καί
1393 2692 1525 2773 ἀδελφοῖς·

200 2796 254 2838 tete
276 2796 300 2839 et
322 2798 434 2840 ornatus
455 2790 521 2854 filiis
544 2796 568 2841 et
590 2788 737 2856 protritum
762 2788 803 2838 18.
853 2785 900 2844 18.
917 2787 961 2841 νῦν
982 2772 1028 2840 οθν
1045 2781 1168 2862 πρόςελθε
1189 2783 1293 2862 πρῶτος
1310 2780 1356 2840 καί
1371 2781 1482 2853 ποίησον
1496 2782 1528 2840 τὸ

199 2891 263 2941 erpo
283 2879 374 2929 aceede
388 2862 467 2943 prior
487 2886 512 2928 et
534 2878 577 2943 see
597 2879 697 2927 iussum
722 2878 802 2941 repis,
851 2870 1008 2950 πρόςταγμα
1024 2874 1071 2929 τοῦ
1086 2868 1228 2950 βασιλίοις,
1245 2872 1281 2937 ὡς
1297 2868 1425 2942 ἐποίησαν
1437 2871 1527 2929 πάντα

199 2968 268 3017 stent
287 2966 406 3032 [eeernnt
421 2981 511 3017 omnes
525 2975 615 3032 pentes
630 2974 653 3017 et
666 2967 722 3017 οίνί
736 2966 805 3016 Inde
851 2961 885 3017 τὰ
897 2958 959 3033 ἔθνη
976 2958 1022 3019 καί
1034 2962 1057 3018 oi
1070 2958 1163 3038 ἄνδρες
1175 2959 1264 3020 Ἰούδα
1279 2959 1323 3017 καί
1339 2962 1362 3017 οί
1382 2960 1527 3038 καταλειφ-

200 3062 223 3105 et
239 3056 286 3119 qut
302 3064 490 3107 remanserunt
508 3058 538 3106 in
553 3056 698 3107 Ierusalem
712 3062 737 3104 et
751 3056 805 3104 eris
851 3048 937 3117 θίντες
953 3051 979 3107 ἐν
994 3047 1180 3127 Ἰερουσαλὴμ,
1194 3048 1240 3107 καί
1259 3047 1306 3126 {ep
1327 3046 1359 3105 et
1374 3037 1529 3113 enituisti<

200 3151 228 3194 tn
248 3152 272 3193 et
286 3144 340 3211 filit
358 3146 398 3195 tut
417 3146 490 3196 inter
504 3147 601 3195 amieos
615 3147 686 3209 repis
704 3152 729 3194 et
748 3158 804 3193 ern·
851 3160 897 3197 σου
919 3142 971 3196 τῶν
994 3137 1077 3217 φίλων
1095 3142 1140 3197 τοῦ
1163 3138 1293 3216 βασιλέως
1317 3135 1363 3194 καί
1386 3134 1419 3193 σθ
1440 3135 1486 3194 καί
1505 3138 1529 3194 οί

198 3233 336 3299 pttfientus
355 3248 422 3285 euro
443 3241 467 3284 et
482 3242 593 3297 orpento
612 3241 636 3283 et
652 3234 805 3283 rnreneribus
851 3226 902 3285 υίοί
914 3248 962 3285 σου
976 3224 1168 3296 δοξαοθηοεοθε
1184 3224 1299 3305 ἀργυρίῳ
1310 3225 1355 3282 καί
1366 3223 1469 3302 χρυσίῳ
1482 3222 1532 3282 καί

199 3322 303 3373 mutin.
327 3322 368 3373 ta.
389 3323 422 3371 Et
441 3324 580 3388 respondit
596 3322 762 3372 Ιοίίιοιίιίοε
781 3329 805 3371 et
851 3316 1012 3381 ἀποστολαῖς
1026 3314 1149 3381 πολλαῖς.
1168 3315 1216 3375 19.
1236 3313 1290 3373 Καί
1305 3311 1436 3391 ἀπεκρίθη
1451 3314 1529 3371 Ματ-

199 3412 270 3460 ἀίοίσ
285 3424 385 3475 magna
410 3424 486 3471 υοοε;
513 3418 537 3461 εί
559 3413 584 3461 si
603 3425 692 3461 ornnes
716 3418 805 3474 pentes
851 3403 944 3469 ταθίας
964 3401 1009 3461 καί
1032 3391 1089 3460 εἷπε
1112 3404 1185 3481 φωνῇ
1206 3400 1321 3481 μεγάλη·
1345 3403 1369 3459 εί
1389 3400 1476 3458 πάντα
1494 3398 1528 3458 sd

199 3500 258 3564 περι·
269 3501 398 3551 Antiocho
409 3488 805 3561 ebediuntmt'diseedatnnsis·
852 3492 912 3560 ἔθνη
927 3490 960 3549 τὰ
982 3492 1009 3549 ἓν
1032 3490 1096 3570 οίκιρ
1114 3493 1161 3561 τῆς
1182 3489 1317 3570 βασιλείας
1338 3493 1382 3549 τοῦ
1399 3488 1529 3569 βασιλέως

199 3590 313 3653 quisque
336 3604 353 3639 n
371 3590 499 3640 seruitute
522 3588 588 3653 ίερίε
611 3595 720 3653 patrum
742 3602 804 3637 sno·
852 3579 991 3639 οίκυόουσιν
1010 3581 1090 3638 αθτοῦ
1109 3581 1257 3650 ἀποστῆναι
1277 3576 1387 3643 ἕκαστος
1405 3576 1459 3636 ἀπὸ
1475 3578 1527 3635 λα-

199 3692 270 3739 rurn,
294 3686 318 3727 et
341 3678 489 3728 coessentiae
509 3678 645 3729 mendatis
667 3679 737 3739 eins,
760 3676 803 3727 20.
851 3670 939 3745 τρείας
955 3666 1077 3748 πατέρων
1095 3669 1186 3740 αὐτοῦ,
1203 3666 1248 3725 καί
1261 3665 1417 3746 ᾑρετίοαντυ
1431 3670 1458 3724 ἕν
1472 3666 1529 3732 ταῖς

199 3782 246 3831 epo
258 3774 282 3815 et
297 3765 352 3833 filii
367 3766 457 3816 metet
472 3764 571 3832 [ratres
590 3769 642 3817 mei
657 3766 806 3817 obediemus
852 3758 969 3824 ἐντολαῖς
983 3759 1076 3831 αὐτοῦ,
1095 3758 1146 3818 20.
1162 3755 1238 3829 κάγὼ
1251 3755 1298 3813 καί
1311 3756 1336 3814 οἱ
1350 3752 1401 3813 υίοί
1415 3776 1466 3830 μου
1481 3754 1528 3811 καί

199 3855 254 3920 ίερί
276 3862 386 3920 petrum
409 3863 576 3916 nostrorum
603 3856 645 3906 ti.
669 3856 806 3921 propitius
851 3848 877 3905 οί
895 3846 1004 3929 ἀδελφοί
1027 3868 1077 3923 μου
1093 3844 1276 3924 πορευώμεθα
1297 3844 1324 3901 ίν
1343 3840 1456 3920 διαθήκῃ
1476 3864 1528 3899 πα-

198 3946 235 3994 sit
255 3944 334 3995 ποθίι
353 3946 430 4006 Dens,
451 3951 558 3995 nonest
578 3946 654 3995 nobis
673 3945 741 3994 utile
762 3958 805 3994 re·
851 3934 934 4017 τίρων
966 3938 1055 4011 ἡμῶν.
1084 3936 1134 3995 21.
1164 3931 1257 4000 Ἶλεως
1279 3936 1344 4010 ἡμῖν
1371 3931 1529 4024 καταλιπεῖν

199 4032 324 4096 linquere
340 4033 424 4097 ίερεπι
438 4038 462 4083 εί
476 4034 598 4083 iustitias
613 4035 675 4095 Dei,·
693 4034 735 4085 22.
751 4046 807 4083 non
852 4024 931 4101 νόμον
955 4024 1002 4083 καί
1023 4022 1202 4100 δικαιώματα,
1227 4023 1278 4082 22.
1304 4023 1355 4080 τῶν
1379 4020 1465 4098 λόγων
1483 4024 1530 4078 τοῦ

199 4123 340 4172 audiemus
360 4122 442 4173 verbo
461 4124 533 4187 repis
550 4124 676 4173 Antiochi
694 4136 741 4173 nee
760 4136 806 4171 se·
854 4112 984 4193 βασιλέως
1006 4114 1053 4171 οθκ
1072 4111 1238 4189 ἀκουσόμεθα
1258 4114 1304 4170 τοῦ
1327 4109 1468 4193 παρελθεῖν
1484 4107 1532 4180 τὴν

200 4211 382 4277 erifieebimns
403 4212 629 4275 transgredientes
654 4212 721 4275 tegis
742 4224 806 4261 nos·
852 4201 977 4282 λατρείαν
990 4204 1067 4278 ἡμῶν
1081 4200 1167 4271 δεξιὰν
1180 4199 1198 4270 ἢ
1212 4198 1364 4281 ἀριστερόν.

201 4308 259 4349 trae
271 4300 413 4359 mandate,
431 4304 460 4349 ut
475 4314 565 4350 eamus
580 4300 667 4351 attere
682 4302 740 4351 οίο.

236 4388 280 4439 23.
297 4390 331 4438 Et
353 4396 382 4438 nt
402 4391 515 4439 cessauit
536 4389 609 4453 ioqui
631 4390 712 4441 uerba
732 4389 805 4450 ίιιιεε,
894 4382 942 4439 θ3.
967 4377 1020 4439 Καί
1041 4381 1077 4444 ὡς
1096 4377 1230 4436 ἐπαύσατο
1251 4378 1341 4435 λαλῶν
1359 4373 1419 4440 τοὺς
1438 4372 1532 4451 λόγους

202 4480 311 4529 sesessit
340 4478 452 4541 quidem
479 4479 595 4529 indueus
627 4480 658 4528 in
690 4479 808 4529 omniurn
853 4468 970 4538 τούτους,
987 4468 1129 4545 προςῆλθεν
1150 4466 1217 4544 ἀνὴρ
1241 4464 1369 4528 Ἰουδαῖος
1389 4465 1415 4519 ἐν
1435 4463 1531 4541 θρθολ·

202 4567 287 4617 οειιίίι
305 4568 460 4632 sacrificare
480 4566 561 4617 idolis
580 4581 662 4631 super
682 4581 758 4617 erem
778 4569 809 4618 tn
855 4566 913 4633 μοῖς
932 4555 1040 4614 πάντων
1059 4560 1183 4613 θυσιθσαι
1203 4552 1247 4612 tat
1268 4557 1314 4610 τοῦ
1334 4555 1425 4631 βωμοῦ
1442 4556 1487 4610 τοῦ
1507 4553 1533 4608 ίν

203 4658 312 4707 ciuitate
334 4656 426 4707 Ιοείίπ
443 4658 586 4707 seeundum
605 4658 706 4706 iussum
726 4657 805 4719 repis.
855 4640 962 4705 Μωδείν
986 4641 1056 4702 κατὰ
1080 4645 1111 4703 τὸ
1135 4641 1292 4723 πρόςταγμα
1319 4645 1365 4699 τοῦ
1381 4638 1532 4719 ’βασιλέως

204 4745 248 4797 rt.
267 4747 299 4795 Et
315 4744 385 4795 eidtt
399 4745 601 4797 retentatores
615 4744 700 4796 detuit
713 4752 808 4795 eteon·
855 4735 905 4795 θλ.
936 4734 988 4793 Καὶ
1011 4723 1063 4792 είδι
1095 4730 1253 4797 Ματταθίας
1281 4729 1328 4788 καί
1351 4728 1468 4802 ἐζήλωσε
1491 4751 1529 4788 κε
