3625 5367
274 349 334 410 208
601 352 604 360 ‘
779 345 808 402 θ.
832 359 924 403 uren.
950 343 1104 414 116674.

311 502 355 553 bb.
370 502 404 551 Et
416 501 483 548 ertit
494 498 624 568 tonatbas
640 504 665 547 et
677 496 884 562 perambulabat
969 493 1019 551 60.
1044 491 1099 550 Kal
1114 489 1219 562 ἐξῆλθεν
1238 488 1366 549 Ἰωνείθαν
1381 488 1425 548 καὶ
1440 488 1606 568 διεπορεύετο

276 601 352 642 εεοπε
374 590 473 653 flumem
497 588 637 644 civilatem·
662 592 687 636 tl
707 592 884 650 conprepams
929 581 1013 658 πέραν
1036 585 1082 641 τοῦ
1105 583 1227 656 ποταμοῦ
1250 577 1295 636 καί
1318 578 1346 636 ἐν
1367 584 1426 644 ταῖς
1448 577 1542 636 πόλεσι
1561 581 1608 637 καὶ

276 688 313 730 est
335 679 371 728 ab
392 691 451 729 eum
475 678 562 726 omnis
583 676 713 725 exereitus
737 675 834 738 Syriae
854 674 885 721 in
929 667 1107 748 ἠθροίσθησαν
1132 667 1197 748 πρὸς
1222 665 1302 726 αιίτθν
1326 675 1412 725 πᾶσαι
1435 668 1462 723 al
1486 665 1608 743 δυνάμεις

276 767 410 817 auxilium
428 773 454 815 et
472 764 546 815 uenit
567 764 725 814 Ascalonem
746 770 770 813 et
793 776 884 812 occur·
932 759 1030 839 Συρίας
1050 761 1086 825 αἶς
1108 754 1267 837 συμμαχίαν
1288 755 1333 814 καὶ
1356 747 1432 827 ἦλθαν
1453 757 1490 822 εἰς
1510 755 1603 815 ’Ami

276 862 370 929 rerunt
393 857 418 905 ei
440 855 584 920 honorifice
602 855 633 903 de
652 854 772 903 civitate.
789 852 833 902 61.
851 853 884 900 Et
930 849 1003 906 λωνα
1022 846 1068 906 καὶ
1088 843 1332 924 interpretabili
1351 846 1375 904 οἱ
1394 845 1425 903 ίκ
1443 846 1490 914 τῆς
1506 844 1607 910 πόλεως

278 947 347 996 abiit
371 945 435 993 lndt
460 945 573 1004 Gutum
601 948 626 991 tl
647 941 835 992 eoneluserunt
858 954 884 989 tt
931 935 1048 1004 ἐνδόξως.
1063 937 1112 996 61.
1128 935 1184 996 {iot
1199 936 1316 1006 ἀπῆλθεν
1339 935 1435 992 ἐκεῖθεν
1455 934 1492 1000 εἰς
1510 933 1607 1006 Γοίζαν,

276 1036 324 1096 qui
344 1040 421 1083 erant
437 1033 524 1082 Gazae
531 1046 540 1092 ,·
556 1037 581 1080 et
596 1031 699 1081 obsedit
712 1045 771 1080 eam
785 1037 809 1079 et
824 1044 885 1078 suo·
931 1027 977 1084 soal
990 1025 1149 1084 ἀπέκλεισαν
1163 1026 1187 1082 οἱ
1202 1021 1255 1081 ἀπὸ
1268 1023 1366 1094 Γάζης,
1382 1020 1426 1080 καὶ
1441 1023 1607 1100 περιεκύθισε

275 1123 364 1172 cendit
385 1135 453 1184 quae
475 1127 555 1170 erant
574 1122 606 1170 in
629 1122 745 1184 circuitu
765 1120 884 1170 ciuitatis
931 1115 992 1194 περὶ
1008 1112 1091 1184 αὐτὴν
1105 1113 1152 1171 καλ
1166 1115 1301 1190 ἐνεπύρισε
1315 1114 1349 1169 τὰ
1363 1110 1504 1190 περιπύλια
1524 1111 1606 1182 αὐτῆς

183 1245 187 1255 ,
275 1220 299 1261 et
317 1212 465 1276 praedatus
485 1217 523 1259 est
545 1223 587 1258 ea.
604 1209 648 1259 62.
664 1209 698 1258 Et
718 1215 884 1270 ropaueruat
931 1203 994 1282 πορθ
1004 1202 1051 1261 καί
1066 1201 1221 1261 ἐσκύλευσεν
1236 1202 1312 1260 αὐτοί.
1324 1201 1374 1260 67.
1387 1197 1443 1259 Καὶ
1454 1199 1569 1270 ἠξίωσαν
1583 1203 1607 1261 οἱ

275 1293 404 1349 Garenses
415 1298 561 1358 lonatban,
574 1304 598 1346 et
609 1298 682 1347 dedit
693 1297 752 1346 illis
764 1297 884 1346 dextram
931 1293 984 1350 ἀπὸ
1002 1293 1087 1362 Ιόίζης
1110 1289 1154 1348 τὀν
1173 1288 1310 1360 Ἰωνύθαν,
1331 1289 1376 1347 καὶ
1397 1287 1493 1346 ἔδωκεν
1519 1290 1607 1355 αὐτοῖς

275 1397 299 1437 et
319 1389 421 1451 aceepit
442 1387 513 1451 filios
536 1401 627 1436 eorum
641 1385 748 1434 obsides
767 1392 791 1432 et
810 1385 884 1432 misit
931 1378 1026 1452 δεξιὰς,
1040 1382 1085 1439 καί
1096 1378 1175 1438 ἔλαθε
1190 1377 1250 1444 τοὺς
1263 1377 1332 1444 blaise
1345 1379 1397 1436 τῶν
1410 1375 1545 1455 ἀρχόντων
1557 1381 1605 1436 αὖ·

273 1476 337 1526 illos
358 1477 389 1524 in
408 1474 565 1534 Ierusalem,
581 1481 605 1524 et
624 1473 827 1538 perambulavit
844 1487 883 1522 re·
930 1471 982 1528 τῶν
998 1473 1034 1536 εἰς
1044 1467 1132 1549 ὅμηρα
1142 1467 1187 1526 καὶ
1203 1465 1385 1536 ἐξαπέστειλεν
1400 1463 1493 1531 αὐτούς
1505 1465 1605 1533 εἷςἹε-

274 1567 381 1628 pionem
395 1577 479 1627 usque
492 1564 659 1613 Damascum.
930 1557 1122 1635 ρουσαλήμκαὶ
1132 1557 1219 1626 διῆλθε
1228 1553 1277 1627 τὴν
1286 1554 1377 1634 χώραν
1388 1553 1436 1620 ἕως
1445 1559 1603 1631 Δαμασκοῦ.

310 1653 354 1704 63.
377 1653 410 1703 Et
432 1653 539 1722 audivit
561 1652 693 1702 lantibus
712 1651 783 1714 quod
801 1665 883 1715 prat·
970 1649 1020 1708 63.
1045 1645 1100 1706 Καὶ
1127 1645 1238 1717 ἤκουσεν
1262 1644 1388 1704 Ἰοενοίθαν
1416 1642 1456 1701 θ’τι
1479 1647 1603 1722 παρῆσαν

274 1744 392 1792 uarieati
424 1748 487 1791 sunt
520 1743 659 1806 principes
694 1742 821 1791 Demetrii
853 1742 884 1788 in
929 1737 953 1794 ol
973 1735 1099 1815 ἄρχοντες
1119 1733 1275 1818 Δημητρίου
1292 1735 1329 1800 εἰς
1349 1732 1441 1804 Ιίοίδης
1459 1731 1506 1805 τὴν
1527 1734 1605 1809 ε’ντῇ

275 1832 358 1881 Codes
374 1844 441 1893 quae
464 1838 502 1880 est
524 1833 556 1880 in
578 1830 713 1891 Galilaea,
728 1844 786 1879 curn
807 1842 881 1878 eser·
930 1824 1062 1903 Γαλιλαία
1082 1823 1150 1900 μετὰ
1169 1825 1303 1892 δυνάμεως
1324 1823 1433 1894 πολλῆς,
1451 1821 1605 1900 βουλόμενοι

275 1919 331 1967 citu
342 1918 436 1978 multo,
454 1919 572 1968 volentes
584 1933 645 1968 eum
656 1931 790 1968 removere
805 1933 822 1967 a
833 1932 883 1966 ne·
929 1917 1097 1989 μεταστῆσαι
1118 1911 1196 1970 αύτδν
1216 1916 1263 1982 τῆς
1280 1910 1382 1992 χρείας.
1397 1913 1446 1971 64.
1469 1911 1522 1970 Καὶ
1541 1934 1604 1970 συν-

274 2008 347 2069 potio
367 2009 460 2069 πομπὴ
481 2006 525 2056 64.
547 2013 571 2056 et
591 2009 707 2056 occurrit
726 2005 800 2066 illis;
822 2005 882 2068 sra-
928 2003 1041 2072 ήντησεν
1061 2003 1159 2073 αὐτοῖς,
1172 2000 1214 2058 τὸν
1230 2001 1257 2059 δὲ
1272 1999 1384 2080 ἀδελφὸν
1400 2000 1479 2057 αὐτοῦ
1493 1999 1605 2074 Σίμωνα

275 2103 341 2144 trem
356 2100 445 2144 autem
459 2108 537 2142 suum
555 2093 689 2144 Simonem
707 2094 820 2156 reliquit
836 2096 882 2143 in·
928 2089 1071 2148 κατέλιπεν
1092 2092 1171 2165 ἐν’τῇ
1192 2089 1279 2169 χώρα.
1298 2091 1347 2148 tit).
1364 2089 1419 2148 Καὶ
1441 2087 1606 2166 παρενίύαλε

274 2193 318 2231 tro
333 2185 515 2246 prouinciam.
532 2183 622 2233 amm
641 2182 775 2248 applicuit
790 2184 883 2232 Simon
930 2178 1022 2254 Σίμων
1050 2178 1094 2238 ἐπὶ
1122 2177 1273 2260 Βαιθσούρᾳ
1298 2177 1343 2236 καί
1368 2176 1494 2253 ἐπολέμει
1523 2176 1605 2248 αὐτὴν

274 2273 310 2322 ati
327 2273 485 2322 bethsuram
496 2279 521 2322 et
536 2273 709 2337 espupnabat
719 2277 777 2321 eain
789 2271 881 2320 diebus
927 2268 1030 2346 ἡμέρας
1039 2266 1140 2336 πόλλθς
1152 2268 1197 2327 καὶ
1209 2268 1373 2325 συνέκλεισεν
1384 2268 1479 2336 αὐτήν.
1488 2267 1538 2326 66.
1551 2267 1604 2325 Καὶ

272 2360 366 2409 multir
381 2368 406 2410 et
421 2361 551 2410 conclusit
571 2375 623 2410 eos.
642 2360 735 2410 66151
755 2360 882 2426 postula·
927 2355 1042 2426 ἠξίωσαν
1062 2357 1139 2416 αὐτὸν
1159 2361 1203 2414 τοῦ
1224 2355 1309 2424 δεξιὰς
1325 2355 1427 2427 λαύεῒν,
1443 2354 1488 2413 καὶ
1507 2353 1602 2412 ἔδωκεν

273 2455 369 2499 verunt
389 2450 423 2498 ab
443 2463 472 2499 eo
494 2451 602 2500 dextras
621 2451 752 2514 accipere,
769 2456 793 2499 et
809 2450 881 2498 dedit
928 2445 1084 2518 αὐτοῖςκαὶ
1104 2444 1224 2514 ίξέθαλεν
1242 2443 1335 2511 αὐτούς
1355 2447 1450 2503 ἐκεῖθεν
1465 2441 1509 2502 καὶ
1523 2465 1602 2500 κατε-

232 2589 237 2596 ,
272 2535 340 2598 illis,
357 2545 382 2586 et
400 2539 477 2588 eieeit
496 2552 541 2590 εοε
562 2539 626 2587 inde
648 2545 672 2588 et
692 2520 762 2603 oepit
782 2539 881 2588 cio-ita-
926 2532 1024 2594 λάδατο
1038 2534 1087 2606 τὴν
1099 2533 1232 2594 πόλινκαλ
1243 2533 1315 2592 ἔθετο
1329 2531 1371 2590 ἐπ’
1383 2529 1599 2612 αθσλνρρουριίν.

273 2634 323 2676 tem
339 2632 364 2675 et
381 2630 472 2691 posuit
492 2629 523 2676 in
541 2641 573 2677 ea
592 2627 771 2692 praesidium.
786 2627 830 2677 67-
847 2628 880 2676 Et
926 2625 976 2684 67.
993 2625 1047 2684 Καὶ
1071 2622 1197 2684 'loribus
1226 2623 1272 2682 καὶ
1294 2626 1311 2690 ἡ
1336 2619 1495 2700 παριμὸολὴ
1518 2621 1601 2680 αὐτοῦ

272 2717 403 2766 ronernos
417 2726 441 2766 et
454 2719 544 2766 eastra
558 2718 616 2766 eius
632 2716 825 2782 applicuerunt
845 2718 879 2766 ad
925 2711 1107 2790 παρενίύαλον
1119 2712 1164 2772 int
1176 2711 1206 2770 τὸ
1218 2711 1290 2789 ύδωρ
1304 2709 1440 2789 Γεννησθρ
1453 2712 1498 2770 καὶ
1510 2708 1603 2790 ὤρθρι-

272 2817 371 2866 aquam
392 2805 516 2864 Genesar,
537 2812 562 2853 et
587 2812 649 2854 ante
672 2804 755 2855 lucem
775 2804 880 2867 vipila-
926 2823 975 2860 σαν
999 2800 1029 2860 τὸ
1051 2795 1123 2881 πρωί
1146 2803 1182 2868 εἷς
1203 2801 1233 2859 τὸ
1256 2799 1344 2860 πεδίον
1367 2797 1461 2876 Ἀσώρ.
1478 2800 1528 2860 68.
1548 2798 1603 2860 Καὶ

271 2898 367 2940 verunt
378 2892 409 2939 in
421 2906 513 2956 eampo
525 2895 601 2941 Asor.
615 2893 659 2940 68.
674 2893 707 2942 Et
721 2907 775 2942 eote
790 2900 880 2942 eastra
926 2889 980 2947 ἰδού
999 2887 1157 2970 παρεμύολὴ
1179 2890 1335 2970 ἂλλορύλων
1356 2888 1461 2958 ἀπήντα
1484 2891 1555 2968 αύτῷ
1576 2890 1602 2946 ἐν

272 2978 490 3041 alienipenarum
514 2980 691 3029 occurrebant
716 2982 747 3028 in
775 2995 877 3044 compo,
924 2979 963 3056 τῷ
983 2979 1066 3058 πεδίιρ
1085 2978 1131 3036 καὶ
1149 2977 1273 3046 ἐξίύαλον
1295 2977 1395 3058 ἔνεδρον
1415 2975 1457 3036 ίπ’
1476 2976 1555 3036 αὐτὸν
1575 2978 1603 3034 ἐν

272 3073 296 3114 et
321 3066 466 3116 tendebant
488 3069 513 3116 ei
537 3067 656 3116 insidias
677 3069 709 3117 in
728 3069 863 3117 montibus
870 3083 878 3126 ;
924 3069 978 3132 τοῖς
1000 3069 1099 3147 ὄρεσιν·
1118 3065 1192 3126 αὐτοὶ
1213 3066 1240 3126 δὲ
1265 3068 1419 3137 ἀπήντησαν
1441 3065 1598 3134 ἐξεναντίας.

272 3157 329 3219 ipse
344 3161 433 3205 autem
446 3156 563 3206 occurrit
574 3169 606 3204 eo
618 3156 739 3206 adverso.
753 3155 797 3207 69.
809 3158 878 3206 insi·
925 3157 974 3215 69,
989 3156 1030 3214 Τὰ
1045 3155 1073 3212 δὲ
1088 3155 1179 3230 ἔνεδρα
1202 3153 1377 3228 ἐξανέστησαν
1396 3155 1427 3215 ἐκ
1445 3158 1498 3213 τῶν
1512 3155 1602 3214 τόπων

271 3245 333 3294 diae
356 3257 419 3294 vero
442 3253 650 3295 resurrexerunt
677 3247 708 3296 de
731 3245 796 3295 loeis
822 3247 878 3295 suis
925 3243 1012 3302 αὐτῶν
1032 3242 1078 3303 καὶ
1097 3246 1216 3324 συνῆψαν
1230 3245 1357 3320 πόλεμον.
1372 3247 1420 3306 70.
1437 3246 1492 3304 Καὶ
1507 3245 1601 3326 ἔφυγον

270 3340 294 3382 et
316 3334 503 3384 commiserant
514 3333 658 3398 proelium.
679 3335 722 3386 70.
744 3335 777 3384 Et
800 3334 878 3400 {upt—
905 3317 947 3391 ¹ol
962 3332 1035 3410 παρὰ
1048 3332 1174 3394 ’ίωνοίθαν
1193 3333 1302 3407 πάντες,
1317 3332 1376 3392 οὐδὲ
1391 3323 1428 3400 εἷς
1441 3333 1600 3412 κατελείφθη

270 3429 334 3471 runt
350 3424 397 3484 qui
411 3429 490 3472 erant
504 3437 535 3472 es
549 3431 628 3488 parte
643 3424 774 3474 Ionatbae
788 3439 877 3474 omnes
925 3421 971 3479 ἀπ’
984 3423 1079 3493 αὐτῶν,
1089 3420 1159 3494 πλὴν
1175 3425 1333 3489 Ματταθίας
1345 3427 1360 3482 θ
1373 3427 1419 3481 τοῦ
1433 3421 1601 3501 Ἀψαλώμου

270 3517 294 3558 et
310 3524 386 3560 memo
402 3511 511 3562 relictus
528 3518 566 3560 est
584 3525 615 3560 ea
634 3514 682 3573 eis,
697 3514 754 3563 nisi
769 3514 876 3563 liatba-
923 3509 968 3568 καὶ
984 3509 1084 3578 Ἰούδας
1102 3513 1116 3570 ὁ
1134 3515 1180 3570 τοῦ
1200 3512 1290 3589 mvl
1311 3511 1436 3592 ἄρχοντας
1452 3514 1499 3582 τῆς
1516 3534 1602 3587 ατρα.

271 3599 342 3648 tbias
373 3598 449 3664 filius
475 3600 610 3650 Absalami
636 3608 660 3651 et
690 3602 771 3652 Iudas
801 3602 877 3668 filius
922 3607 979 3664 τεᾶς
993 3603 1044 3658 τῶν
1060 3599 1207 3678 δυνάμεων.
1224 3602 1272 3661 71.
1290 3601 1345 3660 Καὶ
1359 3599 1492 3680 διέρρηξεν
1505 3599 1598 3660 'lutol-

271 3687 378 3752 Calplte',
407 3690 535 3754 princeps
574 3689 691 3740 militiae
733 3693 875 3741 exereitus.
923 3693 970 3746 θαν
984 3687 1017 3745 rb
1032 3688 1126 3764 ἱμάτια
1146 3691 1226 3750 αὐτοῦ
1241 3689 1289 3768 καὶΙ
1300 3689 1413 3761 ἐπέθηκε
1427 3693 1477 3768 γῆν
1492 3689 1536 3748 ἐπὶ
1549 3688 1599 3758 τὴν

270 3777 313 3827 71.
333 3777 368 3826 lit
389 3778 469 3827 scidit
491 3779 622 3828 Ionatbas
646 3781 804 3829 vestimento
826 3793 877 3829 suo
923 3777 1041 3857 κεραλὴν
1055 3779 1135 3838 αύτοῦ
1154 3778 1197 3836 καὶ
1215 3777 1386 3855 προσηύξατο.
1399 3780 1447 3839 72.
1465 3777 1519 3838 Καὶ
1532 3777 1596 3835 brri-

269 3872 294 3914 et
308 3868 399 3930 posuit
412 3874 513 3916 terram
527 3869 658 3933 incapite
672 3882 720 3917 suo
735 3876 759 3916 et
775 3871 874 3919 oravit.
922 3869 1018 3945 σσρεψε
1037 3867 1102 3947 πρὸς
1120 3866 1213 3935 αὐτοὺς
1229 3868 1349 3946 πολέμῳ,
1364 3867 1410 3925 καὶ
1427 3866 1597 3947 ἐτροπώσατο

269 3954 312 4003 77.
329 3955 362 4003 Et
383 3968 504 4004 reuersus
527 3965 565 4004 est
583 3957 712 4006 tonatbos
731 3958 766 4005 ad
783 3972 825 4008 eos
845 3961 877 4007 in
923 3953 1015 4020 αύτούς
1030 3954 1076 4014 καλ
1094 3954 1197 4034 ίρυγον.
1215 3958 1263 4016 73.
1283 3959 1337 4014 Καὶ
1351 3954 1405 4014 ’ίδον
1421 3960 1445 4015 οἱ
1459 3956 1598 4036 ρεύγοντες

267 4041 402 4106 proelium
422 4050 447 4090 et
468 4046 601 4093 convertit
618 4059 661 4093 eos
681 4047 711 4094 in
732 4045 835 4109 iopam,
852 4055 876 4095 et
922 4045 945 4099 οἱ
959 4043 1023 4119 παρ’
1038 4046 1118 4102 αὐτοῦ
1137 4047 1183 4103 καὶ
1201 4043 1365 4126 ἐπέστρεψαν
1381 4043 1445 4122 πρὸς
1460 4045 1538 4104 αὐτὸν
1552 4045 1598 4102 καλ

267 4139 467 4194 pupnoaerunt.
488 4131 532 4181 73.
553 4134 586 4181 Et
610 4134 737 4183 viderunt
761 4137 808 4197 qui
829 4136 875 4199 su·
921 4131 1030 4191 ἐδίωκον
1043 4137 1101 4209 μετ’
1116 4135 1196 4192 αὐτοῦ
1211 4133 1260 4202 ἕως
1271 4135 1363 4205 Κύδης
1374 4133 1422 4202 ἕως
1436 4138 1482 4207 τῆς
1494 4156 1598 4213 παρεμ-

232 4285 236 4293 .
267 4217 379 4281 piabant
396 4221 486 4283 portis
504 4217 582 4270 illius
600 4229 626 4270 et
643 4225 743 4272 reversi
762 4233 826 4273 sunt
841 4226 876 4273 ad
923 4218 1003 4292 δολῆς
1023 4223 1109 4280 αὐτῶν
1129 4223 1175 4281 καί
1196 4222 1377 4300 παρενίύαλον
1397 4227 1461 4284 ἐκεῖ.
1478 4226 1526 4284 76.
1542 4223 1597 4283 Καὶ

267 4321 327 4358 eum
354 4315 378 4357 et
407 4309 619 4370 insequebantur
647 4324 705 4360 aum
730 4327 759 4362 eo
786 4327 875 4363 omnes
922 4309 1016 4368 ἔπεσον
1032 4313 1062 4368 ix
1076 4315 1128 4370 τῶν
1148 4313 1302 4392 ύλλορύλοιν
1317 4315 1343 4372 ἐν
1357 4317 1390 4395 τῇ
1405 4311 1493 4393 ἡμέρᾳ
1509 4311 1594 4390 ἐκείνη

268 4410 349 4460 usqae
373 4398 457 4447 Codes
477 4399 512 4448 aa
533 4406 623 4449 eastra
643 4413 693 4449 sua
707 4408 732 4450 et
745 4415 875 4465 peruene-
921 4399 1286 4479 είςᾶνδραςτριςριλίουςααὶ
1299 4403 1457 4484 ἐπέστρεψεν
1470 4401 1596 4462 Ἰωνύθαν

267 4495 332 4536 runt
356 4501 439 4549 usque
458 4487 541 4548 illue,
565 4487 608 4539 ll.
625 4496 649 4538 et
671 4491 822 4541 oeciderunt
844 4494 874 4540 de
920 4491 956 4554 εἰς
970 4487 1154 4569 Ἰερουσαλήμ,

267 4575 432 4639 alienigenis
451 4579 483 4625 in
501 4578 544 4626 die
560 4577 611 4626 illa
628 4580 683 4628 tria
697 4579 788 4629 millia
803 4583 875 4630 viro·

266 4678 326 4712 rum
332 4678 341 4724 ,·
357 4672 381 4714 et
401 4679 522 4716 reversus
542 4673 579 4716 est
595 4669 724 4717 tenatius
747 4671 777 4717 in
797 4670 874 4720 Ieru-

265 4748 359 4802 salem.
