3625 5367
823 332 851 389 1.
874 346 966 392 usca.
991 330 1073 402 1,11.
1575 334 1614 395 15

285 488 363 548 ‹lint,·
382 486 423 538 19.
443 492 467 536 et
486 485 624 535 constituit
646 483 744 535 bellum
761 484 887 534 adversus
933 481 961 537 ἑν
989 481 1076 561 στολῳ
1111 480 1230 559 μεγάλῳ,
1270 482 1317 540 18.
1346 478 1393 540 καὶ
1421 481 1615 552 συνεστήσαντο

284 578 464 628 mimium
484 588 571 637 '⁸le
592 574 719 638 Ᾱθθθθίίν
741 578 765 621 tl
786 574 887 623 villius
933 569 1049 644 utilitum
1068 568 1134 646 πρὸς
1150 570 1318 644 Πτολεμαῖον
1338 570 1450 647 βασιλέα
1465 571 1613 649 Αἰγύπτου,

286 674 325 717 est
345 665 511 715 Ptolemaeus
526 676 543 711 α
562 661 631 727 [aeis
650 663 707 713 eius
727 669 750 711 tt
769 661 840 725 [uait
862 668 886 711 et
931 658 977 717 καὶ
996 657 1126 737 ἐνετράπη
1148 658 1318 733 Πτολεμαῖος
1339 661 1392 718 ἀπὸ
1412 658 1551 739 προςάιπου
1565 662 1614 719 αθ-

288 756 438 807 oeciderunt
453 752 591 803 uulnerati
610 751 698 813 multi,
714 750 758 803 20.
779 758 804 800 ot
816 764 886 801 eom·
931 750 978 804 τοῦ
993 746 1039 805 καί
1055 745 1147 827 ἔφυγε,
1162 745 1208 805 καὶ
1222 746 1316 805 ἔπεσον
1327 747 1491 824 τραυματίαι
1505 750 1610 809 πολλοί,

284 844 429 909 prehendit
456 844 576 892 civitates
604 842 723 890 munitas
754 842 785 891 in
814 847 886 890 torro
933 836 980 894 19.
1004 834 1060 894 Καί
1083 834 1262 894 κατολάθοντο
1285 834 1332 901 τὰς
1352 837 1441 902 πολεις
1454 836 1501 904 τὰς
1515 838 1613 917 ὀχυρὰς

283 930 883 998 Aeppptietaceepitspoliaterroalepppti.
931 924 1014 1002 ἐνγῇ
1045 924 1174 1004 Αἰγύπτῳ
1197 924 1243 983 καὶ
1271 923 1352 982 ἔλαθε
1385 924 1419 983 τά
1453 930 1540 985 σκῦλα
1564 930 1614 1006 γῆς

319 1022 364 1074 21.
386 1022 419 1071 Et
435 1020 564 1070 conuertit
581 1018 727 1068 Antiochus
744 1024 884 1081 postquam
931 1011 1081 1087 Αἰγύπτου,

285 1112 415 1178 percussit
428 1112 575 1174 Atppptum
590 1110 620 1157 in
635 1107 810 1157 centesimam
823 1120 885 1168 qua·
971 1102 1020 1160 20,
1048 1101 1103 1159 Καὶ
1131 1098 1292 1181 ἐπέστρεψεν
1314 1101 1452 1181 Ἀντίοχος
1484 1101 1553 1179 μετὰ
1583 1104 1613 1162 τὸ

278 1201 432 1264 -asapesimo
457 1200 536 1249 tertio
556 1210 638 1256 anno,
661 1201 686 1245 et
709 1195 828 1244 ascendit
851 1196 884 1245 ati
930 1186 1046 1257 πατάξαι
1061 1189 1196 1265 Αἴγυπτον
1211 1191 1238 1246 ἐν
1252 1192 1290 1269 τῷ
1304 1192 1440 1270 ἑκατοστῷ
1454 1190 1501 1250 καὶ
1514 1214 1613 1251 τααοο.

283 1288 381 1350 lsraol,
399 1288 442 1339 22.
462 1294 487 1337 et
506 1287 626 1336 ascendit
644 1283 835 1347 lerosolymam
853 1284 885 1333 in
931 1280 1053 1355 ρακοστῷ
1074 1277 1120 1336 καὶ
1141 1276 1222 1358 τρίτῳ
1245 1276 1298 1337 ἔτει
1320 1279 1367 1337 καὶ
1389 1278 1470 1351 ἀνέθη
1491 1276 1537 1339 ἐπὶ
1559 1280 1612 1339 Ἰσ·
1696 1347 1698 1350 ,

283 1377 457 1429 multitudine
481 1376 570 1440 praui,
592 1374 635 1426 23.
664 1378 689 1423 et
714 1374 830 1423 intrauit
853 1374 884 1421 in
931 1365 1009 1443 ραήλ,
1030 1365 1076 1424 καὶ
1107 1364 1189 1437 ἀνέθη
1221 1368 1257 1433 εἰς
1283 1369 1461 1447 Ἰερουσαλὴμ
1489 1371 1516 1427 ἐν
1539 1368 1612 1451 ὄχλῳ

281 1468 519 1533 sanctificationem
534 1478 592 1514 oum
608 1462 769 1531 superbisset
784 1463 884 1527 aceepit
931 1456 1017 1532 βαρεῖ,
1043 1457 1092 1515 21.
1118 1456 1164 1513 καὶ
1184 1458 1299 1527 εἰςῆλθεν
1329 1463 1365 1523 είς
1387 1457 1417 1516 τὸ
1443 1457 1564 1536 άγίασμα
1583 1460 1611 1517 lu

285 1557 373 1607 altars
390 1568 502 1606 aureum
520 1561 544 1603 et
561 1552 753 1603 candelabrum
772 1548 884 1601 luminis
930 1542 1112 1624 θπερηρανείορ
1136 1543 1183 1603 καί
1213 1544 1294 1603 ἔλαθε
1315 1546 1345 1603 τὸ
1374 1546 1558 1622 θυσιαστήριον
1580 1547 1610 1606 τὸ

284 1653 308 1696 et
319 1646 447 1696 universa
461 1658 527 1694 aasa
542 1644 599 1693 eius
614 1648 638 1690 et
652 1654 770 1690 mensam
782 1653 883 1704 propo·
928 1638 1042 1709 χρυσοῦν
1057 1632 1103 1691 καὶ
1117 1630 1165 1703 τὴν
1177 1632 1287 1710 λυχνίαν
1301 1640 1346 1693 τοῦ
1361 1634 1446 1714 ροντὀς
1459 1634 1506 1693 καί
1520 1634 1609 1694 πάντα

283 1736 391 1785 sitioais
406 1732 567 1783 etlibatoria
582 1738 606 1780 et
620 1729 731 1796 phialas
746 1738 769 1778 et
784 1734 882 1777 morta·
929 1718 963 1776 st
977 1719 1059 1803 σκεύη
1081 1720 1174 1791 αὐτῆς,
1200 1723 1248 1779 22..
1275 1720 1321 1780 καὶ
1342 1724 1389 1792 τὴν
1410 1724 1543 1801 τράπεζαν
1562 1728 1609 1796 τῆς

284 1824 357 1874 riola
368 1836 451 1873 aurea
463 1828 487 1871 at
500 1820 589 1871 aslum
602 1827 627 1869 et
641 1832 752 1869 coronas
766 1824 790 1866 et
803 1831 881 1867 orna-
928 1807 1076 1886 προθέσεως
1088 1808 1135 1867 καί
1148 1809 1182 1865 τά
1196 1810 1322 1868 σπονδεῖα
1335 1810 1439 1873 καὶτὰς
1452 1811 1549 1890 φιάλας
1563 1811 1609 1871 καὶ

284 1920 400 1963 arentum
419 1924 529 1960 aureum
552 1910 620 1973 quod
648 1910 679 1957 in
697 1908 767 1973 [atie
791 1904 883 1970 templi
928 1892 1099 1965 τθςθυΐσκας
1116 1896 1164 1964 τάς
1182 1907 1284 1976 χρυσᾶς
1302 1898 1348 1957 καλ
1366 1897 1397 1958 τὸ
1410 1899 1608 1977 καταπέτασμα

285 2008 343 2051 erat
366 2007 391 2051 et
416 2000 569 2049 comminuit
589 1999 689 2047 ornain.
815 2000 818 2009 '
928 1984 974 2043 καὶ
991 1986 1053 2052 τοὺς
1069 1985 1274 2068 στιράνουςκαὶ
1293 1987 1338 2046 τὸν
1360 1987 1459 2063 κόσμον
1474 1986 1519 2047 τθν
1538 2012 1609 2069 χρυ-

284 2090 327 2142 24.
353 2092 387 2139 Et
410 2090 510 2153 aceepit
533 2094 673 2150 arpentum
695 2093 719 2136 et
742 2099 838 2135 aarum
858 2092 882 2133 et
928 2077 990 2132 σοῦν
1004 2072 1049 2132 τὸν
1065 2076 1135 2135 κατά
1150 2074 1288 2154 πρόςωπον
1301 2080 1347 2135 τοῦ
1365 2081 1427 2134 ναοῦ
1442 2076 1489 2135 καὶ
1503 2078 1609 2137 ίλέπιοι

281 2192 347 2230 oasa
362 2175 618 2243 concupiscibilium
628 2176 729 2239 accepit
745 2175 882 2223 thesauros
928 2160 1028 2222 πάντα.
1056 2165 1106 2223 23.
1139 2164 1193 2224 Καὶ
1213 2162 1295 2223 ἔλαθε
1317 2166 1347 2224 τὸ
1361 2164 1485 2245 ἀργύριον
1509 2165 1609 2226 καὶτὸ

281 2267 394 2319 occultos
407 2280 471 2331 quos
482 2266 586 2316 inoonit
599 2272 622 2313 et
635 2263 749 2314 sublatis
760 2262 882 2312 oatnilrus
927 2251 1037 2329 χρυσίον
1065 2255 1113 2310 καὶ
1144 2252 1177 2311 τά
1210 2252 1291 2325 σκεύη
1319 2253 1353 2312 τά
1381 2252 1533 2329 ἐπιθυμητὰ
1563 2253 1609 2313 καί

281 2350 883 2415 οθίίιίαιαανοοιοααια.25.Ει[οαι”ιοαεάοαι
927 2338 1008 2398 ἔλαθε
1031 2339 1091 2406 τοὺς
1121 2340 1262 2419 θεοαυροθς
1289 2340 1350 2408 τοὺς
1376 2339 1543 2423 ἀποκρύφους
1565 2340 1609 2410 οθς

284 2447 420 2497 hominum
433 2443 569 2494 allocutus
584 2448 620 2491 ost
636 2443 666 2490 ia
680 2440 807 2505 superbia
824 2452 882 2488 ma·
928 2420 998 2506 ιθρι.
1021 2431 1070 2488 24.
1091 2427 1146 2490 Καὶ
1163 2428 1254 2488 λαθὼν
1266 2431 1356 2489 πάντα
1371 2432 1489 2502 ἀπῆλθεν
1509 2434 1546 2499 τίς
1560 2431 1608 2501 rhu

279 2548 343 2599 pna.
927 2519 978 2595 γῆν
1010 2517 1103 2575 αὐτοῦ.
1139 2516 1193 2577 Καὶ
1221 2518 1331 2589 ἐποίησε
1363 2518 1534 2599 ρονοκτονίαν
1562 2519 1609 2578 καὶ

928 2601 1057 2675 ίλάληοιν
1072 2603 1266 2684 θπαρηρανιίαν
1282 2606 1414 2682 μεγάλην.

281 2774 325 2827 26.
352 2775 386 2824 Et
409 2774 495 2840 factus
515 2778 553 2823 est
574 2770 701 2837 planctus
720 2781 832 2831 maanus
852 2767 882 2815 in
928 2765 978 2824 25.
1001 2761 1058 2824 Kal
1082 2763 1186 2840 ἐγένετο
1212 2763 1304 2833 πένθος
1329 2744 1399 2844 μέγα
1428 2766 1472 2826 ἐπὶ
1491 2764 1607 2849 Ἰσραὴλ

386 2860 474 2913 lsrael
487 2868 512 2911 et
526 2862 557 2911 in
571 2860 644 2909 omni
657 2857 711 2907 loeo
726 2870 825 2914 aarum,
1047 2856 1074 2913 lv
1088 2853 1169 2913 παντὶ
1183 2853 1257 2934 τόπῳ
1272 2855 1371 2929 αὐτῶν,

281 2953 324 3005 27.
350 2949 712 3021 etinpsmueruntprinoipes
722 2946 878 3005 assensores,
927 2944 976 3002 26,
999 2942 1046 3002 καὶ
1059 2941 1201 3011 ίατέναξαν
1216 2942 1344 3024 ἄρχοντες
1359 2944 1406 3002 καὶ
1418 2944 1604 3026 πρισὸθτιροι,

348 3043 470 3106 viraines
489 3045 514 3089 tl
529 3040 639 3089 iuvenes
657 3035 791 3100 infirmati
805 3040 877 3091 sunl,
1005 3030 1131 3110 παρθένος
1152 3031 1198 3089 καὶ
1224 3032 1356 3092 νεανίσκοι
1383 3034 1541 3108 ἠσθίοησαν,

348 3139 373 3181 et
388 3130 543 3196 speciositas
572 3126 714 3177 mulierum
737 3125 878 3174 immutata
1011 3120 1057 3179 καὶ
1079 3121 1110 3180 τὸ
1123 3122 1221 3188 κάλλος
1239 3125 1291 3180 τῶν
1310 3126 1443 3200 γυναικῶν
1456 3122 1601 3195 ἠλλοιώθη.

350 3226 401 3281 est;

278 3398 322 3450 28.
348 3397 436 3447 omnis
452 3397 567 3446 maritas
589 3394 702 3458 sumpsit
723 3391 876 3447 lamentum,
925 3386 974 3443 27.
997 3391 1050 3448 πᾶς
1064 3383 1173 3462 νυμφίος
1187 3382 1301 3444 άνίλαθε
1315 3389 1420 3465 θρῆνον,

351 3492 375 3536 et
391 3484 598 3549 quatuodehant
613 3484 644 3531 in
660 3482 736 3531 thoro
754 3477 878 3528 maritali
1004 3471 1050 3530 καὶ
1078 3471 1215 3548 καθημένη
1249 3475 1276 3531 ίν
1314 3478 1409 3555 παστῷ
1443 3473 1546 3553 ἐγίνιτο
1576 3477 1603 3535 ἐν

385 3574 527 3638 ίαραθοαις
1046 3560 1145 3633 πίνθιι,

280 3664 323 3717 29.
349 3672 373 3713 ot
396 3669 524 3715 commota
547 3668 584 3711 est
604 3668 678 3711 terra
694 3672 775 3723 super
798 3655 878 3705 habi·
924 3651 974 3710 28.
998 3651 1045 3708 καὶ
1060 3648 1165 3719 ἐσιίοθη
1185 3654 1202 3721 ἡ
1222 3652 1256 3727 γῆ
1275 3648 1320 3708 ἐπὶ
1339 3651 1399 3717 τοθς
1418 3656 1605 3719 κατοικοῦντας

383 3760 469 3804 tantos
486 3753 515 3801 ia
530 3765 572 3811 to,
1046 3736 1140 3810 αὐτὴν,

349 3849 373 3891 et
386 3843 513 3893 uniuerso
524 3840 616 3889 domus
629 3838 706 3889 torol
719 3838 808 3888 induit
819 3851 878 3888 aaa·
1005 3825 1051 3886 καὶ
1062 3836 1114 3893 πᾶς
1128 3830 1142 3885 ὁ
1156 3814 1226 3893 οἶκος
1240 3825 1339 3887 Ἰακὼθ
1357 3826 1496 3888 ίνεδύσατο
1510 3827 1603 3909 αίσχί·

380 3930 522 3995 lusionem,
1046 3938 1104 3986 νην.

310 4409 342 4459 ln
355 4422 383 4459 v.
403 4410 433 4459 15
444 4404 621 4475 ἔζενγισθηοοιν
637 4416 656 4462 ts
673 4409 695 4458 A
708 4406 737 4471 pl
751 4407 869 4469 minum,
884 4407 971 4470 vulgo
987 4400 1182 4476 ἐζευχθησαν.ν.
1203 4406 1233 4457 18
1250 4419 1417 4470 συνεστηοατο
1429 4410 1454 4459 Α
1465 4408 1484 4460 S
1495 4410 1600 4475 svulg;

274 4498 357 4549 aliam
371 4511 397 4547 v.
417 4498 448 4549 19
463 4498 589 4561 singular
603 4510 617 4547 s
629 4496 710 4559 vulg;
726 4495 818 4559 plural
832 4492 863 4546 S.

317 4622 481 4709 Tempore
505 4618 676 4685 bellorum
695 4617 786 4683 inter
803 4636 1014 4685 successores
1037 4615 1220 4683 Alexandri
1239 4616 1382 4705 (διάδοχοι
1405 4616 1465 4708 qui
1490 4619 1600 4686 nomi-
1640 4659 1643 4665 Δ

196 4766 202 4779 ·
275 4723 351 4792 nuri
370 4724 492 4813 solent)
516 4722 715 4807 Palaestino,
742 4722 832 4789 inter
859 4727 1053 4813 Aegyptum
1078 4743 1118 4788 aa
1141 4722 1274 4809 Syriam
1294 4722 1420 4808 media,
1447 4725 1492 4792 ab
1506 4733 1601 4795 utro-
