<?xml version="1.0" encoding="UTF-8"?>
<!DOCTYPE html PUBLIC "-//W3C//DTD XHTML 1.0 Transitional//EN"
    "http://www.w3.org/TR/xhtml1/DTD/xhtml1-transitional.dtd">
<html xmlns="http://www.w3.org/1999/xhtml" xml:lang="en" lang="en">
 <head>
  <title>
</title>
<meta http-equiv="Content-Type" content="text/html;charset=utf-8" />
  <meta name='ocr-system' content='tesseract 3.04.00' />
  <meta name='ocr-capabilities' content='ocr_page ocr_carea ocr_par ocr_line ocrx_word'/>
</head>
<body>
  <div class='ocr_page' id='page_1' title='image "./commentariusind00knabgoog/commentariusind00knabgoog_0155.png"; bbox 0 0 3625 5367; ppageno 0'>
   <div class='ocr_carea' id='block_1_1' title="bbox 693 241 1559 360">
    <p class='ocr_par' dir='ltr' id='par_1_1' title="bbox 693 241 1559 360">
     <span class='ocr_line' id='line_1_1' title="bbox 693 241 1559 360; baseline 0.017 -17"><span class='ocrx_word' id='word_1_1' title='bbox 693 241 704 270; x_wconf 73' lang='lat'>⁸</span> <span class='ocrx_word' id='word_1_2' title='bbox 737 286 765 344; x_wconf 88' lang='grc' dir='ltr'><strong><em>ι.</em></strong></span> <span class='ocrx_word' id='word_1_3' title='bbox 788 301 883 346; x_wconf 67' lang='lat' dir='ltr'><strong><em>asca.</em></strong></span> <span class='ocrx_word' id='word_1_4' title='bbox 910 287 1049 357; x_wconf 72' lang='lat' dir='ltr'><strong><em>raa-aa.</em></strong></span> <span class='ocrx_word' id='word_1_5' title='bbox 1084 261 1087 268; x_wconf 83' lang='lat'>&#39;</span> <span class='ocrx_word' id='word_1_6' title='bbox 1331 347 1334 352; x_wconf 88' lang='grc'><em>,</em></span> <span class='ocrx_word' id='word_1_7' title='bbox 1500 301 1559 360; x_wconf 77' lang='grc' dir='ltr'><strong><em>ιιι</em></strong></span> 
     </span>
    </p>
   </div>
   <div class='ocr_carea' id='block_1_2' title="bbox 225 437 1557 606">
    <p class='ocr_par' dir='ltr' id='par_1_2' title="bbox 225 437 1557 606">
     <span class='ocr_line' id='line_1_2' title="bbox 226 437 1557 528; baseline 0.013 -39"><span class='ocrx_word' id='word_1_8' title='bbox 226 443 325 490; x_wconf 69' lang='lat' dir='ltr'><strong><em>itinere</em></strong></span> <span class='ocrx_word' id='word_1_9' title='bbox 351 453 394 490; x_wconf 80' lang='lat' dir='ltr'><strong><em>cor</em></strong></span> <span class='ocrx_word' id='word_1_10' title='bbox 416 446 439 489; x_wconf 88' lang='lat' dir='ltr'><strong><em>et</em></strong></span> <span class='ocrx_word' id='word_1_11' title='bbox 464 453 599 504; x_wconf 75' lang='lat' dir='ltr'><strong><em>repressus</em></strong></span> <span class='ocrx_word' id='word_1_12' title='bbox 627 446 665 490; x_wconf 85' lang='lat' dir='ltr'><strong><em>cst</em></strong></span> <span class='ocrx_word' id='word_1_13' title='bbox 687 439 721 489; x_wconf 83' lang='lat' dir='ltr'><strong><em>ad</em></strong></span> <span class='ocrx_word' id='word_1_14' title='bbox 745 452 832 503; x_wconf 78' lang='lat' dir='ltr'><strong><em>repom</em></strong></span> <span class='ocrx_word' id='word_1_15' title='bbox 881 439 977 518; x_wconf 78' lang='grc' dir='ltr'>στρεψε</span> <span class='ocrx_word' id='word_1_16' title='bbox 1006 437 1071 517; x_wconf 79' lang='grc' dir='ltr'>πρὸς</span> <span class='ocrx_word' id='word_1_17' title='bbox 1097 437 1142 497; x_wconf 82' lang='grc' dir='ltr'><strong><em>τόν</em></strong></span> <span class='ocrx_word' id='word_1_18' title='bbox 1167 440 1279 519; x_wconf 79' lang='grc' dir='ltr'><strong>βασιλέα</strong></span> <span class='ocrx_word' id='word_1_19' title='bbox 1305 444 1351 503; x_wconf 82' lang='grc' dir='ltr'><strong><em>καὶ</em></strong></span> <span class='ocrx_word' id='word_1_20' title='bbox 1375 447 1557 528; x_wconf 80' lang='grc' dir='ltr'>κατηγόρησεν</span> 
     </span>
     <span class='ocr_line' id='line_1_3' title="bbox 225 527 1093 606; baseline 0.009 -28"><span class='ocrx_word' id='word_1_21' title='bbox 225 536 249 578; x_wconf 83' lang='lat' dir='ltr'><strong><em>ct</em></strong></span> <span class='ocrx_word' id='word_1_22' title='bbox 265 530 408 580; x_wconf 83' lang='lat' dir='ltr'><strong><em>accusavit</em></strong></span> <span class='ocrx_word' id='word_1_23' title='bbox 417 542 463 580; x_wconf 82' lang='lat' dir='ltr'><strong><em>eoa</em></strong></span> <span class='ocrx_word' id='word_1_24' title='bbox 476 529 570 578; x_wconf 82' lang='lat' dir='ltr'><strong><em>mattis</em></strong></span> <span class='ocrx_word' id='word_1_25' title='bbox 589 527 758 578; x_wconf 76' lang='lat' dir='ltr'><strong><em>criminibus.</em></strong></span> <span class='ocrx_word' id='word_1_26' title='bbox 879 529 965 584; x_wconf 84' lang='grc' dir='ltr'>αὐτῶν</span> <span class='ocrx_word' id='word_1_27' title='bbox 979 527 1093 606; x_wconf 88' lang='grc' dir='ltr'>πονηρά.</span> 
     </span>
    </p>
   </div>
   <div class='ocr_carea' id='block_1_3' title="bbox 181 615 1603 2532">
    <p class='ocr_par' dir='ltr' id='par_1_3' title="bbox 181 615 1603 2532">
     <span class='ocr_line' id='line_1_4' title="bbox 262 615 1556 705; baseline 0.012 -37.025"><span class='ocrx_word' id='word_1_28' title='bbox 262 617 305 668; x_wconf 71' lang='lat' dir='ltr'><strong><em>ab.</em></strong></span> <span class='ocrx_word' id='word_1_29' title='bbox 327 619 360 667; x_wconf 83' lang='lat' dir='ltr'><strong><em>Et</em></strong></span> <span class='ocrx_word' id='word_1_30' title='bbox 389 619 465 666; x_wconf 81' lang='lat' dir='ltr'><strong><em>misit</em></strong></span> <span class='ocrx_word' id='word_1_31' title='bbox 488 631 535 668; x_wconf 79' lang='lat' dir='ltr'><strong><em>rea</em></strong></span> <span class='ocrx_word' id='word_1_32' title='bbox 559 619 727 680; x_wconf 76' lang='lat' dir='ltr'><strong><em>Nicanorem,</em></strong></span> <span class='ocrx_word' id='word_1_33' title='bbox 748 632 833 688; x_wconf 77' lang='lat' dir='ltr'><strong><em>unum</em></strong></span> <span class='ocrx_word' id='word_1_34' title='bbox 919 615 969 674; x_wconf 68' lang='lat'><strong><em>26.</em></strong></span> <span class='ocrx_word' id='word_1_35' title='bbox 992 615 1047 675; x_wconf 82' lang='grc' dir='ltr'><strong><em>Καὶ</em></strong></span> <span class='ocrx_word' id='word_1_36' title='bbox 1068 617 1225 678; x_wconf 76' lang='grc' dir='ltr'>ἀπέστειλεν</span> <span class='ocrx_word' id='word_1_37' title='bbox 1250 622 1556 738; x_wconf 77' lang='grc' dir='ltr'>όβασιλεύςΝικάνσριρ</span> 
     </span>
     <span class='ocr_line' id='line_1_5' title="bbox 225 702 1558 785; baseline 0.014 -30"><span class='ocrx_word' id='word_1_38' title='bbox 225 707 451 771; x_wconf 73' lang='lat' dir='ltr'><strong><em>exprincipibus</em></strong></span> <span class='ocrx_word' id='word_1_39' title='bbox 476 708 533 755; x_wconf 83' lang='lat' dir='ltr'><strong><em>sais</em></strong></span> <span class='ocrx_word' id='word_1_40' title='bbox 559 706 751 768; x_wconf 71' lang='lat' dir='ltr'><strong><em>nobilioribus,</em></strong></span> <span class='ocrx_word' id='word_1_41' title='bbox 785 709 832 769; x_wconf 85' lang='lat' dir='ltr'><strong><em>qui</em></strong></span> <span class='ocrx_word' id='word_1_42' title='bbox 877 702 925 761; x_wconf 80' lang='grc' dir='ltr'><strong><em>ἕνα</em></strong></span> <span class='ocrx_word' id='word_1_43' title='bbox 948 705 1001 761; x_wconf 82' lang='grc' dir='ltr'><strong><em>τῶν</em></strong></span> <span class='ocrx_word' id='word_1_44' title='bbox 1027 704 1163 785; x_wconf 80' lang='grc' dir='ltr'>ἀρχόντων</span> <span class='ocrx_word' id='word_1_45' title='bbox 1190 711 1270 769; x_wconf 80' lang='grc' dir='ltr'>αὐτοῦ</span> <span class='ocrx_word' id='word_1_46' title='bbox 1301 714 1353 769; x_wconf 83' lang='grc' dir='ltr'><strong><em>τῶν</em></strong></span> <span class='ocrx_word' id='word_1_47' title='bbox 1376 711 1485 781; x_wconf 75' lang='grc' dir='ltr'>ἐνδόξων</span> <span class='ocrx_word' id='word_1_48' title='bbox 1513 717 1558 774; x_wconf 74' lang='grc' dir='ltr'><strong><em>καὶ</em></strong></span> 
     </span>
     <span class='ocr_line' id='line_1_6' title="bbox 224 794 1559 879; baseline 0.012 -34"><span class='ocrx_word' id='word_1_49' title='bbox 224 801 281 845; x_wconf 83' lang='lat' dir='ltr'><strong><em>crat</em></strong></span> <span class='ocrx_word' id='word_1_50' title='bbox 303 795 466 844; x_wconf 79' lang='lat' dir='ltr'><strong><em>inimicitias</em></strong></span> <span class='ocrx_word' id='word_1_51' title='bbox 488 809 610 845; x_wconf 76' lang='lat' dir='ltr'><strong><em>exercens</em></strong></span> <span class='ocrx_word' id='word_1_52' title='bbox 633 801 727 845; x_wconf 85' lang='lat' dir='ltr'><strong><em>contra</em></strong></span> <span class='ocrx_word' id='word_1_53' title='bbox 746 794 832 845; x_wconf 86' lang='lat' dir='ltr'><strong><em>lsrael</em></strong></span> <span class='ocrx_word' id='word_1_54' title='bbox 878 796 1007 867; x_wconf 79' lang='grc' dir='ltr'>μισοῦντα</span> <span class='ocrx_word' id='word_1_55' title='bbox 1036 797 1081 852; x_wconf 86' lang='grc' dir='ltr'><strong><em>καλ</em></strong></span> <span class='ocrx_word' id='word_1_56' title='bbox 1112 798 1283 876; x_wconf 77' lang='grc' dir='ltr'>ἐχθραίνοντοι</span> <span class='ocrx_word' id='word_1_57' title='bbox 1309 804 1347 858; x_wconf 86' lang='grc' dir='ltr'><strong><em>τῶ</em></strong></span> <span class='ocrx_word' id='word_1_58' title='bbox 1375 799 1485 879; x_wconf 78' lang='grc' dir='ltr'>Ἰσραὴλ</span> <span class='ocrx_word' id='word_1_59' title='bbox 1514 804 1559 863; x_wconf 83' lang='grc' dir='ltr'><strong><em>καὶ</em></strong></span> 
     </span>
     <span class='ocr_line' id='line_1_7' title="bbox 224 863 1558 965; baseline 0.013 -32"><span class='ocrx_word' id='word_1_60' title='bbox 224 891 247 933; x_wconf 84' lang='lat' dir='ltr'><strong><em>et</em></strong></span> <span class='ocrx_word' id='word_1_61' title='bbox 291 885 433 934; x_wconf 82' lang='lat' dir='ltr'><strong><em>rnandnvit</em></strong></span> <span class='ocrx_word' id='word_1_62' title='bbox 472 885 497 933; x_wconf 86' lang='lat' dir='ltr'><strong><em>ci</em></strong></span> <span class='ocrx_word' id='word_1_63' title='bbox 540 890 655 936; x_wconf 76' lang='lat' dir='ltr'><strong><em>euertere</em></strong></span> <span class='ocrx_word' id='word_1_64' title='bbox 689 883 830 948; x_wconf 83' lang='lat' dir='ltr'><strong><em>popalum.</em></strong></span> <span class='ocrx_word' id='word_1_65' title='bbox 877 881 1025 940; x_wconf 71' lang='grc' dir='ltr'>ἐνετεόλατο</span> <span class='ocrx_word' id='word_1_66' title='bbox 1048 885 1120 961; x_wconf 83' lang='grc' dir='ltr'>αὐτῷ</span> <span class='ocrx_word' id='word_1_67' title='bbox 1146 883 1284 965; x_wconf 78' lang='grc' dir='ltr'>ἐξᾶραι</span> <span class='ocrx_word' id='word_1_68' title='bbox 1261 909 1305 946; x_wconf 83' lang='grc' dir='ltr'><strong><em>τον</em></strong></span> <span class='ocrx_word' id='word_1_69' title='bbox 1331 863 1404 951; x_wconf 78' lang='grc' dir='ltr'>λαόν.</span> <span class='ocrx_word' id='word_1_70' title='bbox 1427 893 1476 951; x_wconf 70' lang='lat'><strong><em>27.</em></strong></span> <span class='ocrx_word' id='word_1_71' title='bbox 1505 893 1558 952; x_wconf 79' lang='lat' dir='ltr'><strong><em>liat</em></strong></span> 
     </span>
     <span class='ocr_line' id='line_1_8' title="bbox 223 961 1557 1062; baseline 0.013 -40"><span class='ocrx_word' id='word_1_72' title='bbox 223 972 269 1023; x_wconf 77' lang='grc'><strong>37.</strong></span> <span class='ocrx_word' id='word_1_73' title='bbox 286 974 320 1022; x_wconf 79' lang='lat' dir='ltr'><strong><em>lit</em></strong></span> <span class='ocrx_word' id='word_1_74' title='bbox 337 974 410 1023; x_wconf 82' lang='lat' dir='ltr'><strong><em>uenit</em></strong></span> <span class='ocrx_word' id='word_1_75' title='bbox 424 973 590 1022; x_wconf 77' lang='lat' dir='ltr'><strong><em>Nicanorem</em></strong></span> <span class='ocrx_word' id='word_1_76' title='bbox 609 972 754 1022; x_wconf 81' lang='lat' dir='ltr'><strong><em>Ierusalem</em></strong></span> <span class='ocrx_word' id='word_1_77' title='bbox 773 987 830 1022; x_wconf 86' lang='lat' dir='ltr'><strong><em>cam</em></strong></span> <span class='ocrx_word' id='word_1_78' title='bbox 877 961 941 1040; x_wconf 82' lang='grc' dir='ltr'>ηλθσ</span> <span class='ocrx_word' id='word_1_79' title='bbox 956 969 1082 1050; x_wconf 80' lang='grc' dir='ltr'>Νικάνωρ</span> <span class='ocrx_word' id='word_1_80' title='bbox 1098 976 1134 1039; x_wconf 75' lang='grc' dir='ltr'><strong><em>εἰς</em></strong></span> <span class='ocrx_word' id='word_1_81' title='bbox 1148 972 1327 1053; x_wconf 79' lang='grc' dir='ltr'>Ἰερουσαλὴμ</span> <span class='ocrx_word' id='word_1_82' title='bbox 1344 979 1456 1056; x_wconf 77' lang='grc' dir='ltr'>δυνάμει</span> <span class='ocrx_word' id='word_1_83' title='bbox 1471 983 1557 1062; x_wconf 82' lang='grc' dir='ltr'>πολλῇ</span> 
     </span>
     <span class='ocr_line' id='line_1_9' title="bbox 222 1049 1557 1149; baseline 0.015 -41"><span class='ocrx_word' id='word_1_84' title='bbox 222 1063 340 1111; x_wconf 81' lang='lat' dir='ltr'><strong><em>coercita</em></strong></span> <span class='ocrx_word' id='word_1_85' title='bbox 363 1049 461 1124; x_wconf 73' lang='lat' dir='ltr'><strong><em>maana</em></strong></span> <span class='ocrx_word' id='word_1_86' title='bbox 483 1069 506 1110; x_wconf 85' lang='lat' dir='ltr'><strong><em>et</em></strong></span> <span class='ocrx_word' id='word_1_87' title='bbox 532 1063 606 1110; x_wconf 85' lang='lat' dir='ltr'><strong><em>misit</em></strong></span> <span class='ocrx_word' id='word_1_88' title='bbox 635 1063 670 1110; x_wconf 83' lang='lat' dir='ltr'><strong><em>ad</em></strong></span> <span class='ocrx_word' id='word_1_89' title='bbox 694 1061 788 1111; x_wconf 77' lang='lat' dir='ltr'><strong><em>ludam</em></strong></span> <span class='ocrx_word' id='word_1_90' title='bbox 805 1067 829 1109; x_wconf 78' lang='lat' dir='ltr'><strong><em>et</em></strong></span> <span class='ocrx_word' id='word_1_91' title='bbox 877 1081 924 1116; x_wconf 89' lang='grc' dir='ltr'><strong><em>και</em></strong></span> <span class='ocrx_word' id='word_1_92' title='bbox 914 1056 991 1117; x_wconf 74' lang='lat' dir='ltr'><strong><em>cini</em></strong></span> <span class='ocrx_word' id='word_1_93' title='bbox 993 1061 1079 1118; x_wconf 87' lang='grc' dir='ltr'>στειλε</span> <span class='ocrx_word' id='word_1_94' title='bbox 1096 1083 1114 1118; x_wconf 85' lang='grc' dir='ltr'><strong><em>ιτ</em></strong></span> <span class='ocrx_word' id='word_1_95' title='bbox 1117 1061 1158 1139; x_wconf 73' lang='lat' dir='ltr'><strong><em>pb&lt;</em></strong></span> <span class='ocrx_word' id='word_1_96' title='bbox 1179 1063 1281 1124; x_wconf 89' lang='grc' dir='ltr'>Ισυδαν</span> <span class='ocrx_word' id='word_1_97' title='bbox 1295 1064 1394 1123; x_wconf 86' lang='grc' dir='ltr'><strong><em>καλ</em></strong></span> <span class='ocrx_word' id='word_1_98' title='bbox 1355 1089 1414 1133; x_wconf 82' lang='grc' dir='ltr'>τους</span> <span class='ocrx_word' id='word_1_99' title='bbox 1429 1069 1557 1149; x_wconf 78' lang='grc' dir='ltr'>ἀδελφοὺς</span> 
     </span>
     <span class='ocr_line' id='line_1_10' title="bbox 223 1146 1553 1234; baseline 0.014 -34"><span class='ocrx_word' id='word_1_100' title='bbox 223 1151 257 1200; x_wconf 86' lang='lat' dir='ltr'><strong><em>ad</em></strong></span> <span class='ocrx_word' id='word_1_101' title='bbox 281 1150 382 1214; x_wconf 71' lang='lat' dir='ltr'><strong><em>[ratres</em></strong></span> <span class='ocrx_word' id='word_1_102' title='bbox 418 1152 475 1200; x_wconf 80' lang='lat' dir='ltr'><strong><em>cias</em></strong></span> <span class='ocrx_word' id='word_1_103' title='bbox 505 1150 593 1200; x_wconf 82' lang='lat' dir='ltr'><strong><em>corbis</em></strong></span> <span class='ocrx_word' id='word_1_104' title='bbox 620 1151 740 1216; x_wconf 73' lang='lat' dir='ltr'><strong><em>pacificis</em></strong></span> <span class='ocrx_word' id='word_1_105' title='bbox 773 1163 830 1198; x_wconf 78' lang='lat' dir='ltr'><strong><em>cunr</em></strong></span> <span class='ocrx_word' id='word_1_106' title='bbox 876 1147 957 1206; x_wconf 85' lang='grc' dir='ltr'>αύτου</span> <span class='ocrx_word' id='word_1_107' title='bbox 941 1146 1131 1224; x_wconf 67' lang='grc' dir='ltr'>’μετδδόλον</span> <span class='ocrx_word' id='word_1_108' title='bbox 1146 1150 1488 1234; x_wconf 81' lang='grc' dir='ltr'>λόγοιςιῖρηνικοῖςλέγων·</span> <span class='ocrx_word' id='word_1_109' title='bbox 1503 1159 1553 1219; x_wconf 66' lang='lat'><strong><em>28.</em></strong></span> 
     </span>
     <span class='ocr_line' id='line_1_11' title="bbox 222 1233 1552 1321; baseline 0.012 -33"><span class='ocrx_word' id='word_1_110' title='bbox 222 1238 297 1304; x_wconf 80' lang='lat' dir='ltr'><strong><em>cloio;</em></strong></span> <span class='ocrx_word' id='word_1_111' title='bbox 315 1238 359 1299; x_wconf 79' lang='grc'><strong>38,</strong></span> <span class='ocrx_word' id='word_1_112' title='bbox 386 1239 501 1289; x_wconf 79' lang='lat' dir='ltr'><strong><em>dicens:</em></strong></span> <span class='ocrx_word' id='word_1_113' title='bbox 523 1253 579 1289; x_wconf 92' lang='lat' dir='ltr'><strong><em>non</em></strong></span> <span class='ocrx_word' id='word_1_114' title='bbox 598 1240 633 1287; x_wconf 84' lang='lat' dir='ltr'><strong><em>sit</em></strong></span> <span class='ocrx_word' id='word_1_115' title='bbox 650 1240 829 1303; x_wconf 77' lang='lat' dir='ltr'><strong><em>pnanainter</em></strong></span> <span class='ocrx_word' id='word_1_116' title='bbox 877 1233 950 1311; x_wconf 78' lang='grc' dir='ltr'><strong><em>μὴ</em></strong></span> <span class='ocrx_word' id='word_1_117' title='bbox 935 1259 1003 1294; x_wconf 86' lang='grc' dir='ltr'>εστω</span> <span class='ocrx_word' id='word_1_118' title='bbox 1025 1238 1100 1316; x_wconf 83' lang='grc' dir='ltr'>μάχη</span> <span class='ocrx_word' id='word_1_119' title='bbox 1128 1237 1179 1297; x_wconf 69' lang='lat' dir='ltr'><strong><em>aab</em></strong></span> <span class='ocrx_word' id='word_1_120' title='bbox 1206 1241 1287 1317; x_wconf 82' lang='grc' dir='ltr'>μέσον</span> <span class='ocrx_word' id='word_1_121' title='bbox 1311 1245 1375 1317; x_wconf 71' lang='grc' dir='ltr'>ἐμοῦ</span> <span class='ocrx_word' id='word_1_122' title='bbox 1399 1244 1477 1302; x_wconf 85' lang='grc' dir='ltr'>κοιλ</span> <span class='ocrx_word' id='word_1_123' title='bbox 1467 1249 1552 1321; x_wconf 81' lang='grc' dir='ltr'>υμῶν·</span> 
     </span>
     <span class='ocr_line' id='line_1_12' title="bbox 221 1317 1603 1408; baseline 0.013 -32"><span class='ocrx_word' id='word_1_124' title='bbox 221 1341 261 1376; x_wconf 89' lang='lat' dir='ltr'><strong><em>mc</em></strong></span> <span class='ocrx_word' id='word_1_125' title='bbox 276 1334 300 1377; x_wconf 86' lang='lat' dir='ltr'><strong><em>et</em></strong></span> <span class='ocrx_word' id='word_1_126' title='bbox 320 1338 380 1389; x_wconf 84' lang='grc' dir='ltr'>οοσ;</span> <span class='ocrx_word' id='word_1_127' title='bbox 397 1329 505 1377; x_wconf 82' lang='lat' dir='ltr'><strong><em>neniam</em></strong></span> <span class='ocrx_word' id='word_1_128' title='bbox 519 1341 577 1378; x_wconf 81' lang='lat' dir='ltr'><strong><em>cum</em></strong></span> <span class='ocrx_word' id='word_1_129' title='bbox 591 1328 661 1377; x_wconf 83' lang='lat' dir='ltr'><strong><em>oiris</em></strong></span> <span class='ocrx_word' id='word_1_130' title='bbox 676 1329 783 1392; x_wconf 84' lang='lat' dir='ltr'><strong><em>paucis,</em></strong></span> <span class='ocrx_word' id='word_1_131' title='bbox 800 1335 829 1377; x_wconf 83' lang='lat' dir='ltr'><strong><em>nt</em></strong></span> <span class='ocrx_word' id='word_1_132' title='bbox 874 1321 941 1395; x_wconf 79' lang='grc' dir='ltr'><strong><em>ἥξω</em></strong></span> <span class='ocrx_word' id='word_1_133' title='bbox 954 1327 980 1382; x_wconf 85' lang='grc' dir='ltr'><strong><em>ἐν</em></strong></span> <span class='ocrx_word' id='word_1_134' title='bbox 1005 1325 1132 1404; x_wconf 75' lang='grc' dir='ltr'>ἀνδράσιν</span> <span class='ocrx_word' id='word_1_135' title='bbox 1161 1328 1257 1408; x_wconf 82' lang='grc' dir='ltr'>ὀλίγοις</span> <span class='ocrx_word' id='word_1_136' title='bbox 1276 1329 1357 1390; x_wconf 73' lang='grc' dir='ltr'>ἵνα“</span> <span class='ocrx_word' id='word_1_137' title='bbox 1347 1334 1420 1407; x_wconf 83' lang='grc' dir='ltr'>υμῶν</span> <span class='ocrx_word' id='word_1_138' title='bbox 1443 1332 1492 1393; x_wconf 83' lang='grc' dir='ltr'><strong><em>ἴδω</em></strong></span> <span class='ocrx_word' id='word_1_139' title='bbox 1521 1335 1554 1393; x_wconf 76' lang='grc' dir='ltr'><strong><em>τό</em></strong></span> <span class='ocrx_word' id='word_1_140' title='bbox 1598 1317 1603 1326; x_wconf 41' lang='lat'>&#39;</span> 
     </span>
     <span class='ocr_line' id='line_1_13' title="bbox 220 1412 1555 1504; baseline 0.011 -37"><span class='ocrx_word' id='word_1_141' title='bbox 220 1417 327 1467; x_wconf 83' lang='lat' dir='ltr'><strong><em>aldeam</em></strong></span> <span class='ocrx_word' id='word_1_142' title='bbox 348 1415 431 1480; x_wconf 70' lang='lat' dir='ltr'><strong><em>facim</em></strong></span> <span class='ocrx_word' id='word_1_143' title='bbox 449 1424 553 1467; x_wconf 81' lang='lat' dir='ltr'><strong><em>vestras</em></strong></span> <span class='ocrx_word' id='word_1_144' title='bbox 575 1431 633 1466; x_wconf 81' lang='lat' dir='ltr'><strong><em>cam</em></strong></span> <span class='ocrx_word' id='word_1_145' title='bbox 650 1429 725 1482; x_wconf 81' lang='grc' dir='ltr'>ροσε.</span> <span class='ocrx_word' id='word_1_146' title='bbox 737 1417 782 1468; x_wconf 75' lang='grc'><strong><em>39.</em></strong></span> <span class='ocrx_word' id='word_1_147' title='bbox 796 1418 828 1466; x_wconf 80' lang='lat' dir='ltr'><strong><em>Et</em></strong></span> <span class='ocrx_word' id='word_1_148' title='bbox 875 1413 1001 1489; x_wconf 71' lang='grc' dir='ltr'>πρόσωπα</span> <span class='ocrx_word' id='word_1_149' title='bbox 1026 1413 1086 1491; x_wconf 79' lang='grc' dir='ltr'>μετ’</span> <span class='ocrx_word' id='word_1_150' title='bbox 1110 1416 1224 1496; x_wconf 77' lang='grc' dir='ltr'><strong><em>εἰρήνης.</em></strong></span> <span class='ocrx_word' id='word_1_151' title='bbox 1251 1418 1301 1480; x_wconf 72' lang='lat'><strong><em>29.</em></strong></span> <span class='ocrx_word' id='word_1_152' title='bbox 1326 1421 1381 1480; x_wconf 81' lang='grc' dir='ltr'><strong><em>Καὶ</em></strong></span> <span class='ocrx_word' id='word_1_153' title='bbox 1402 1412 1466 1494; x_wconf 71' lang='grc' dir='ltr'>ἦλθε</span> <span class='ocrx_word' id='word_1_154' title='bbox 1489 1423 1555 1504; x_wconf 77' lang='grc' dir='ltr'>πρὸς</span> 
     </span>
     <span class='ocr_line' id='line_1_14' title="bbox 220 1501 1552 1620; baseline 0.011 -64"><span class='ocrx_word' id='word_1_155' title='bbox 220 1506 295 1556; x_wconf 80' lang='lat' dir='ltr'><strong><em>venit</em></strong></span> <span class='ocrx_word' id='word_1_156' title='bbox 315 1506 350 1554; x_wconf 83' lang='lat' dir='ltr'><strong><em>ad</em></strong></span> <span class='ocrx_word' id='word_1_157' title='bbox 367 1506 463 1556; x_wconf 80' lang='lat' dir='ltr'><strong><em>ludam</em></strong></span> <span class='ocrx_word' id='word_1_158' title='bbox 486 1513 511 1555; x_wconf 86' lang='lat' dir='ltr'><strong><em>ct</em></strong></span> <span class='ocrx_word' id='word_1_159' title='bbox 532 1505 722 1555; x_wconf 71' lang='lat' dir='ltr'><strong><em>salutaverant</em></strong></span> <span class='ocrx_word' id='word_1_160' title='bbox 740 1520 767 1555; x_wconf 83' lang='lat' dir='ltr'><strong><em>sc</em></strong></span> <span class='ocrx_word' id='word_1_161' title='bbox 783 1507 828 1555; x_wconf 87' lang='lat' dir='ltr'><strong><em>in·</em></strong></span> <span class='ocrx_word' id='word_1_162' title='bbox 875 1501 986 1576; x_wconf 82' lang='grc' dir='ltr'>Ἰούδαν,</span> <span class='ocrx_word' id='word_1_163' title='bbox 1003 1503 1048 1562; x_wconf 87' lang='grc' dir='ltr'><strong><em>καλ</em></strong></span> <span class='ocrx_word' id='word_1_164' title='bbox 1068 1505 1229 1576; x_wconf 79' lang='grc' dir='ltr'>ἠσπάσαντο</span> <span class='ocrx_word' id='word_1_165' title='bbox 1249 1507 1381 1580; x_wconf 78' lang='grc' dir='ltr'>ἀλλήλους</span> <span class='ocrx_word' id='word_1_166' title='bbox 1405 1512 1552 1620; x_wconf 70' lang='grc' dir='ltr'>ιῖρηνικῶρ·</span> 
     </span>
     <span class='ocr_line' id='line_1_15' title="bbox 219 1584 1554 1678; baseline 0.01 -33"><span class='ocrx_word' id='word_1_167' title='bbox 219 1595 304 1645; x_wconf 83' lang='lat' dir='ltr'><strong><em>aiccm</em></strong></span> <span class='ocrx_word' id='word_1_168' title='bbox 320 1596 447 1659; x_wconf 55' lang='lat' dir='ltr'><strong><em>pacifica·</em></strong></span> <span class='ocrx_word' id='word_1_169' title='bbox 476 1600 500 1645; x_wconf 87' lang='lat' dir='ltr'><strong><em>ct</em></strong></span> <span class='ocrx_word' id='word_1_170' title='bbox 526 1595 611 1644; x_wconf 78' lang='lat' dir='ltr'><strong><em>baeles</em></strong></span> <span class='ocrx_word' id='word_1_171' title='bbox 632 1595 726 1659; x_wconf 81' lang='lat' dir='ltr'><strong><em>parati</em></strong></span> <span class='ocrx_word' id='word_1_172' title='bbox 749 1602 827 1644; x_wconf 83' lang='lat' dir='ltr'><strong><em>erant</em></strong></span> <span class='ocrx_word' id='word_1_173' title='bbox 873 1591 920 1648; x_wconf 87' lang='grc' dir='ltr'><strong><em>και</em></strong></span> <span class='ocrx_word' id='word_1_174' title='bbox 940 1594 963 1650; x_wconf 79' lang='lat' dir='ltr'><strong><em>ot</em></strong></span> <span class='ocrx_word' id='word_1_175' title='bbox 986 1584 1147 1669; x_wconf 80' lang='grc' dir='ltr'>πολέμιοι</span> <span class='ocrx_word' id='word_1_176' title='bbox 1129 1618 1198 1666; x_wconf 85' lang='grc' dir='ltr'>ησοιν</span> <span class='ocrx_word' id='word_1_177' title='bbox 1223 1594 1323 1672; x_wconf 75' lang='grc' dir='ltr'>ἕτοιμοι</span> <span class='ocrx_word' id='word_1_178' title='bbox 1342 1597 1534 1678; x_wconf 74' lang='grc' dir='ltr'>ἐξαρπάσαι</span> <span class='ocrx_word' id='word_1_179' title='bbox 1510 1623 1554 1659; x_wconf 89' lang='grc' dir='ltr'><strong><em>τον</em></strong></span> 
     </span>
     <span class='ocr_line' id='line_1_16' title="bbox 219 1679 1554 1762; baseline 0.011 -29"><span class='ocrx_word' id='word_1_180' title='bbox 219 1696 316 1748; x_wconf 84' lang='lat' dir='ltr'><strong><em>rapere</em></strong></span> <span class='ocrx_word' id='word_1_181' title='bbox 346 1680 452 1734; x_wconf 84' lang='lat' dir='ltr'><strong><em>ladam.</em></strong></span> <span class='ocrx_word' id='word_1_182' title='bbox 475 1683 518 1734; x_wconf 88' lang='grc'><strong><em>30.</em></strong></span> <span class='ocrx_word' id='word_1_183' title='bbox 546 1685 579 1732; x_wconf 79' lang='lat' dir='ltr'><strong><em>Et</em></strong></span> <span class='ocrx_word' id='word_1_184' title='bbox 605 1684 725 1733; x_wconf 84' lang='lat' dir='ltr'><strong><em>innotuit</em></strong></span> <span class='ocrx_word' id='word_1_185' title='bbox 743 1696 828 1732; x_wconf 84' lang='lat' dir='ltr'><strong><em>sermo</em></strong></span> <span class='ocrx_word' id='word_1_186' title='bbox 874 1679 986 1739; x_wconf 89' lang='grc' dir='ltr'>Ἰούδαν.</span> <span class='ocrx_word' id='word_1_187' title='bbox 1004 1683 1053 1740; x_wconf 90' lang='grc'><strong><em>30.</em></strong></span> <span class='ocrx_word' id='word_1_188' title='bbox 1072 1681 1128 1741; x_wconf 82' lang='lat' dir='ltr'><strong><em>Nat</em></strong></span> <span class='ocrx_word' id='word_1_189' title='bbox 1145 1682 1297 1760; x_wconf 77' lang='grc' dir='ltr'>ἔγνώσθδη</span> <span class='ocrx_word' id='word_1_190' title='bbox 1316 1685 1449 1762; x_wconf 80' lang='grc' dir='ltr'>λόγος”</span> <span class='ocrx_word' id='word_1_191' title='bbox 1414 1711 1451 1745; x_wconf 93' lang='grc' dir='ltr'><strong><em>τω</em></strong></span> <span class='ocrx_word' id='word_1_192' title='bbox 1465 1687 1554 1748; x_wconf 86' lang='grc' dir='ltr'>Ἰούδα</span> 
     </span>
     <span class='ocr_line' id='line_1_17' title="bbox 219 1763 1554 1848; baseline 0.011 -27"><span class='ocrx_word' id='word_1_193' title='bbox 219 1772 315 1832; x_wconf 79' lang='lat' dir='ltr'><strong><em>lrcdac,</em></strong></span> <span class='ocrx_word' id='word_1_194' title='bbox 339 1773 468 1834; x_wconf 83' lang='lat' dir='ltr'><strong><em>quoniam</em></strong></span> <span class='ocrx_word' id='word_1_195' title='bbox 494 1785 552 1821; x_wconf 86' lang='lat' dir='ltr'><strong><em>cum</em></strong></span> <span class='ocrx_word' id='word_1_196' title='bbox 573 1772 635 1822; x_wconf 81' lang='lat' dir='ltr'><strong><em>dolo</em></strong></span> <span class='ocrx_word' id='word_1_197' title='bbox 661 1778 770 1821; x_wconf 78' lang='lat' dir='ltr'><strong><em>uenerat</em></strong></span> <span class='ocrx_word' id='word_1_198' title='bbox 793 1771 828 1820; x_wconf 85' lang='lat' dir='ltr'><strong><em>ad</em></strong></span> <span class='ocrx_word' id='word_1_199' title='bbox 873 1763 1182 1843; x_wconf 73' lang='grc' dir='ltr'>ότιμετδιδολουῆλθεν</span> <span class='ocrx_word' id='word_1_200' title='bbox 1204 1771 1246 1830; x_wconf 73' lang='grc' dir='ltr'><strong><em>ἐπ’</em></strong></span> <span class='ocrx_word' id='word_1_201' title='bbox 1270 1773 1359 1834; x_wconf 79' lang='grc' dir='ltr'>αὐτόν</span> <span class='ocrx_word' id='word_1_202' title='bbox 1376 1799 1422 1834; x_wconf 82' lang='grc' dir='ltr'><strong><em>και</em></strong></span> <span class='ocrx_word' id='word_1_203' title='bbox 1412 1775 1554 1848; x_wconf 70' lang='lat' dir='ltr'><strong><em>iassab</em></strong></span> 
     </span>
     <span class='ocr_line' id='line_1_18' title="bbox 218 1857 1555 1946; baseline 0.01 -37"><span class='ocrx_word' id='word_1_204' title='bbox 218 1875 278 1909; x_wconf 82' lang='lat' dir='ltr'><strong><em>eum</em></strong></span> <span class='ocrx_word' id='word_1_205' title='bbox 293 1867 317 1909; x_wconf 85' lang='lat' dir='ltr'><strong><em>et</em></strong></span> <span class='ocrx_word' id='word_1_206' title='bbox 338 1860 499 1911; x_wconf 78' lang='lat' dir='ltr'><strong><em>conterritae</em></strong></span> <span class='ocrx_word' id='word_1_207' title='bbox 518 1867 556 1910; x_wconf 82' lang='lat' dir='ltr'><strong><em>est</em></strong></span> <span class='ocrx_word' id='word_1_208' title='bbox 574 1860 608 1910; x_wconf 89' lang='lat' dir='ltr'><strong><em>ab</em></strong></span> <span class='ocrx_word' id='word_1_209' title='bbox 623 1875 652 1910; x_wconf 88' lang='lat' dir='ltr'><strong><em>co</em></strong></span> <span class='ocrx_word' id='word_1_210' title='bbox 670 1867 694 1910; x_wconf 86' lang='lat' dir='ltr'><strong><em>ct</em></strong></span> <span class='ocrx_word' id='word_1_211' title='bbox 709 1859 828 1924; x_wconf 75' lang='lat' dir='ltr'><strong><em>amplius</em></strong></span> <span class='ocrx_word' id='word_1_212' title='bbox 873 1857 920 1915; x_wconf 85' lang='lat' dir='ltr'><strong><em>oin’</em></strong></span> <span class='ocrx_word' id='word_1_213' title='bbox 931 1859 1011 1917; x_wconf 81' lang='grc' dir='ltr'>αὐτον</span> <span class='ocrx_word' id='word_1_214' title='bbox 995 1857 1104 1916; x_wconf 48' lang='grc' dir='ltr'>Ηκαλ</span> <span class='ocrx_word' id='word_1_215' title='bbox 1079 1881 1125 1918; x_wconf 88' lang='grc' dir='ltr'><strong><em>ουκ</em></strong></span> <span class='ocrx_word' id='word_1_216' title='bbox 1135 1859 1269 1934; x_wconf 77' lang='grc' dir='ltr'>ἐύουλήθη</span> <span class='ocrx_word' id='word_1_217' title='bbox 1280 1861 1319 1922; x_wconf 82' lang='grc' dir='ltr'><strong><em>ἔτι</em></strong></span> <span class='ocrx_word' id='word_1_218' title='bbox 1332 1863 1429 1922; x_wconf 80' lang='grc' dir='ltr'>ἰδεῖν</span> <span class='ocrx_word' id='word_1_219' title='bbox 1406 1886 1436 1922; x_wconf 87' lang='grc' dir='ltr'><strong><em>το</em></strong></span> <span class='ocrx_word' id='word_1_220' title='bbox 1450 1863 1555 1946; x_wconf 80' lang='grc' dir='ltr'>πρόςω-</span> 
     </span>
     <span class='ocr_line' id='line_1_19' title="bbox 216 1947 1555 2033; baseline 0.011 -35"><span class='ocrx_word' id='word_1_221' title='bbox 216 1947 308 1998; x_wconf 86' lang='lat' dir='ltr'><strong><em>nolnit</em></strong></span> <span class='ocrx_word' id='word_1_222' title='bbox 332 1950 423 1999; x_wconf 82' lang='lat' dir='ltr'><strong><em>nidere</em></strong></span> <span class='ocrx_word' id='word_1_223' title='bbox 451 1948 550 2013; x_wconf 71' lang='lat' dir='ltr'><strong><em>[miens</em></strong></span> <span class='ocrx_word' id='word_1_224' title='bbox 576 1951 643 1999; x_wconf 78' lang='lat' dir='ltr'><strong><em>eius.</em></strong></span> <span class='ocrx_word' id='word_1_225' title='bbox 669 1949 711 2000; x_wconf 85' lang='grc'><strong><em>31.</em></strong></span> <span class='ocrx_word' id='word_1_226' title='bbox 735 1950 767 1998; x_wconf 84' lang='lat' dir='ltr'><strong><em>lit</em></strong></span> <span class='ocrx_word' id='word_1_227' title='bbox 787 1962 841 2016; x_wconf 68' lang='grc' dir='ltr'><strong><em>σο·ι</em></strong></span> <span class='ocrx_word' id='word_1_228' title='bbox 873 1969 923 2004; x_wconf 86' lang='grc' dir='ltr'><strong><em>πον</em></strong></span> <span class='ocrx_word' id='word_1_229' title='bbox 939 1949 1029 2008; x_wconf 83' lang='grc' dir='ltr'>αὐτοῦ.</span> <span class='ocrx_word' id='word_1_230' title='bbox 1051 1950 1102 2008; x_wconf 86' lang='grc'><strong><em>31.</em></strong></span> <span class='ocrx_word' id='word_1_231' title='bbox 1123 1948 1177 2008; x_wconf 78' lang='grc' dir='ltr'><strong><em>Καὶ</em></strong></span> <span class='ocrx_word' id='word_1_232' title='bbox 1196 1949 1265 2026; x_wconf 81' lang='grc' dir='ltr'>ἔγνω</span> <span class='ocrx_word' id='word_1_233' title='bbox 1287 1952 1412 2033; x_wconf 80' lang='grc' dir='ltr'>Νικάνωρ</span> <span class='ocrx_word' id='word_1_234' title='bbox 1433 1953 1555 2013; x_wconf 78' lang='lat' dir='ltr'><strong><em>barina-</em></strong></span> 
     </span>
     <span class='ocr_line' id='line_1_20' title="bbox 181 2035 1557 2116; baseline 0.012 -30"><span class='ocrx_word' id='word_1_235' title='bbox 181 2071 185 2078; x_wconf 90' lang='lat'>-</span> <span class='ocrx_word' id='word_1_236' title='bbox 216 2038 313 2100; x_wconf 78' lang='lat' dir='ltr'><strong><em>pnoolt</em></strong></span> <span class='ocrx_word' id='word_1_237' title='bbox 330 2038 450 2088; x_wconf 78' lang='lat' dir='ltr'><strong><em>Nicanor</em></strong></span> <span class='ocrx_word' id='word_1_238' title='bbox 464 2038 593 2100; x_wconf 84' lang='lat' dir='ltr'><strong><em>quoniam</em></strong></span> <span class='ocrx_word' id='word_1_239' title='bbox 612 2039 774 2088; x_wconf 80' lang='lat' dir='ltr'><strong><em>denudatum</em></strong></span> <span class='ocrx_word' id='word_1_240' title='bbox 789 2045 827 2086; x_wconf 84' lang='lat' dir='ltr'><strong><em>est</em></strong></span> <span class='ocrx_word' id='word_1_241' title='bbox 871 2035 992 2114; x_wconf 85' lang='grc' dir='ltr'>καλύρθη</span> <span class='ocrx_word' id='word_1_242' title='bbox 1019 2039 1037 2107; x_wconf 76' lang='grc' dir='ltr'>ἡ</span> <span class='ocrx_word' id='word_1_243' title='bbox 1066 2037 1149 2116; x_wconf 77' lang='grc' dir='ltr'>βουλὴ</span> <span class='ocrx_word' id='word_1_244' title='bbox 1182 2041 1273 2111; x_wconf 80' lang='grc' dir='ltr'>αὐτοῦ,</span> <span class='ocrx_word' id='word_1_245' title='bbox 1305 2039 1351 2098; x_wconf 87' lang='grc' dir='ltr'><strong><em>καλ</em></strong></span> <span class='ocrx_word' id='word_1_246' title='bbox 1384 2039 1489 2113; x_wconf 75' lang='grc' dir='ltr'>ἐξῆλθεν</span> <span class='ocrx_word' id='word_1_247' title='bbox 1519 2045 1557 2111; x_wconf 83' lang='grc' dir='ltr'><strong><em>εἷς</em></strong></span> 
     </span>
     <span class='ocr_line' id='line_1_21' title="bbox 217 2123 1552 2211; baseline 0.01 -35"><span class='ocrx_word' id='word_1_248' title='bbox 217 2126 363 2176; x_wconf 74' lang='lat' dir='ltr'><strong><em>consiliam</em></strong></span> <span class='ocrx_word' id='word_1_249' title='bbox 379 2127 446 2187; x_wconf 81' lang='lat' dir='ltr'><strong><em>cius,</em></strong></span> <span class='ocrx_word' id='word_1_250' title='bbox 468 2133 493 2175; x_wconf 86' lang='lat' dir='ltr'><strong><em>ct</em></strong></span> <span class='ocrx_word' id='word_1_251' title='bbox 516 2129 599 2176; x_wconf 81' lang='lat' dir='ltr'><strong><em>crivit</em></strong></span> <span class='ocrx_word' id='word_1_252' title='bbox 623 2127 826 2177; x_wconf 66' lang='lat' dir='ltr'><strong><em>abricantino</em></strong></span> <span class='ocrx_word' id='word_1_253' title='bbox 871 2125 1029 2198; x_wconf 71' lang='grc' dir='ltr'>συνάντησιν</span> <span class='ocrx_word' id='word_1_254' title='bbox 1051 2129 1088 2206; x_wconf 83' lang='grc' dir='ltr'><strong><em>τῷ</em></strong></span> <span class='ocrx_word' id='word_1_255' title='bbox 1104 2123 1190 2206; x_wconf 69' lang='grc' dir='ltr'>Ἰούδᾳ</span> <span class='ocrx_word' id='word_1_256' title='bbox 1216 2130 1242 2201; x_wconf 79' lang='grc' dir='ltr'><strong><em>ἐν</em></strong></span> <span class='ocrx_word' id='word_1_257' title='bbox 1266 2127 1378 2211; x_wconf 77' lang='grc' dir='ltr'>πολέμῳ</span> <span class='ocrx_word' id='word_1_258' title='bbox 1400 2131 1470 2190; x_wconf 80' lang='grc' dir='ltr'>κατὰ</span> <span class='ocrx_word' id='word_1_259' title='bbox 1492 2134 1552 2192; x_wconf 84' lang='grc' dir='ltr'><strong><em>Χα-</em></strong></span> 
     </span>
     <span class='ocr_line' id='line_1_22' title="bbox 219 2213 1555 2298; baseline 0.012 -34"><span class='ocrx_word' id='word_1_260' title='bbox 219 2217 383 2280; x_wconf 77' lang='lat' dir='ltr'><strong><em>inpnanam</em></strong></span> <span class='ocrx_word' id='word_1_261' title='bbox 398 2217 477 2264; x_wconf 76' lang='lat' dir='ltr'><strong><em>iacta</em></strong></span> <span class='ocrx_word' id='word_1_262' title='bbox 492 2215 718 2280; x_wconf 78' lang='lat' dir='ltr'><strong><em>eapaarsotoma.</em></strong></span> <span class='ocrx_word' id='word_1_263' title='bbox 736 2216 779 2266; x_wconf 72' lang='grc'><strong>33.</strong></span> <span class='ocrx_word' id='word_1_264' title='bbox 793 2216 827 2264; x_wconf 79' lang='lat' dir='ltr'><strong><em>Et</em></strong></span> <span class='ocrx_word' id='word_1_265' title='bbox 871 2214 1045 2291; x_wconf 74' lang='grc' dir='ltr'>φαρσαλσμά.</span> <span class='ocrx_word' id='word_1_266' title='bbox 1061 2217 1112 2274; x_wconf 73' lang='lat'><strong><em>32.</em></strong></span> <span class='ocrx_word' id='word_1_267' title='bbox 1127 2215 1183 2276; x_wconf 78' lang='lat' dir='ltr'><strong><em>Kal</em></strong></span> <span class='ocrx_word' id='word_1_268' title='bbox 1200 2213 1295 2276; x_wconf 82' lang='grc' dir='ltr'>ἔπεσον</span> <span class='ocrx_word' id='word_1_269' title='bbox 1311 2221 1364 2276; x_wconf 83' lang='grc' dir='ltr'><strong><em>τῶν</em></strong></span> <span class='ocrx_word' id='word_1_270' title='bbox 1378 2216 1453 2298; x_wconf 75' lang='grc' dir='ltr'>παρὰ</span> <span class='ocrx_word' id='word_1_271' title='bbox 1466 2221 1555 2280; x_wconf 84' lang='grc' dir='ltr'>Νικά-</span> 
     </span>
     <span class='ocr_line' id='line_1_23' title="bbox 216 2302 1554 2388; baseline 0.011 -35"><span class='ocrx_word' id='word_1_272' title='bbox 216 2305 370 2354; x_wconf 79' lang='lat' dir='ltr'><strong><em>cccilieranl</em></strong></span> <span class='ocrx_word' id='word_1_273' title='bbox 397 2305 429 2353; x_wconf 81' lang='lat' dir='ltr'><strong><em>dc</em></strong></span> <span class='ocrx_word' id='word_1_274' title='bbox 457 2305 599 2354; x_wconf 78' lang='lat' dir='ltr'><strong><em>Nicanoris</em></strong></span> <span class='ocrx_word' id='word_1_275' title='bbox 631 2305 747 2355; x_wconf 73' lang='lat' dir='ltr'><strong><em>exercita</em></strong></span> <span class='ocrx_word' id='word_1_276' title='bbox 770 2304 825 2369; x_wconf 76' lang='lat' dir='ltr'><strong><em>[ere</em></strong></span> <span class='ocrx_word' id='word_1_277' title='bbox 872 2323 946 2380; x_wconf 77' lang='grc' dir='ltr'>νσρος</span> <span class='ocrx_word' id='word_1_278' title='bbox 966 2302 1030 2361; x_wconf 78' lang='lat' dir='ltr'><strong><em>isaei</em></strong></span> <span class='ocrx_word' id='word_1_279' title='bbox 1049 2303 1217 2364; x_wconf 80' lang='grc' dir='ltr'>πεντακόσιοι</span> <span class='ocrx_word' id='word_1_280' title='bbox 1233 2305 1323 2387; x_wconf 82' lang='grc' dir='ltr'>ἄνδρες</span> <span class='ocrx_word' id='word_1_281' title='bbox 1338 2307 1384 2366; x_wconf 86' lang='grc' dir='ltr'><strong><em>καλ</em></strong></span> <span class='ocrx_word' id='word_1_282' title='bbox 1404 2308 1498 2388; x_wconf 73' lang='grc' dir='ltr'>ἔφυγον</span> <span class='ocrx_word' id='word_1_283' title='bbox 1518 2311 1554 2375; x_wconf 81' lang='grc' dir='ltr'><strong><em>εἰς</em></strong></span> 
     </span>
     <span class='ocr_line' id='line_1_24' title="bbox 217 2389 1118 2459; baseline 0.012 -19"><span class='ocrx_word' id='word_1_284' title='bbox 217 2394 338 2455; x_wconf 79' lang='lat' dir='ltr'><strong><em>quinque</em></strong></span> <span class='ocrx_word' id='word_1_285' title='bbox 361 2391 452 2442; x_wconf 82' lang='lat' dir='ltr'><strong><em>mittin</em></strong></span> <span class='ocrx_word' id='word_1_286' title='bbox 476 2394 532 2443; x_wconf 86' lang='lat' dir='ltr'><strong><em>oiri</em></strong></span> <span class='ocrx_word' id='word_1_287' title='bbox 554 2402 578 2444; x_wconf 86' lang='lat' dir='ltr'><strong><em>et</em></strong></span> <span class='ocrx_word' id='word_1_288' title='bbox 600 2395 728 2459; x_wconf 69' lang='lat' dir='ltr'><strong><em>superant</em></strong></span> <span class='ocrx_word' id='word_1_289' title='bbox 742 2393 826 2441; x_wconf 87' lang='lat' dir='ltr'><strong><em>inci·</em></strong></span> <span class='ocrx_word' id='word_1_290' title='bbox 871 2389 920 2459; x_wconf 76' lang='grc' dir='ltr'><strong><em>τὴν</em></strong></span> <span class='ocrx_word' id='word_1_291' title='bbox 935 2391 1011 2448; x_wconf 89' lang='grc' dir='ltr'>πόλιν</span> <span class='ocrx_word' id='word_1_292' title='bbox 1025 2391 1118 2452; x_wconf 71' lang='lat' dir='ltr'><strong><em>Annii.</em></strong></span> 
     </span>
     <span class='ocr_line' id='line_1_25' title="bbox 216 2482 441 2532; baseline -0.004 0"><span class='ocrx_word' id='word_1_293' title='bbox 216 2484 332 2532; x_wconf 80' lang='lat' dir='ltr'><strong><em>citatem</em></strong></span> <span class='ocrx_word' id='word_1_294' title='bbox 344 2482 441 2532; x_wconf 80' lang='lat' dir='ltr'><strong><em>David.</em></strong></span> 
     </span>
    </p>
   </div>
   <div class='ocr_carea' id='block_1_4' title="bbox 145 2673 1554 4788">
    <p class='ocr_par' dir='ltr' id='par_1_4' title="bbox 145 2673 1554 4468">
     <span class='ocr_line' id='line_1_26' title="bbox 217 2673 1552 2764; baseline 0.004 -24"><span class='ocrx_word' id='word_1_295' title='bbox 217 2705 221 2710; x_wconf 82' lang='lat'><em>-</em></span> <span class='ocrx_word' id='word_1_296' title='bbox 263 2677 389 2741; x_wconf 84' lang='lat' dir='ltr'><strong><em>Contra</em></strong></span> <span class='ocrx_word' id='word_1_297' title='bbox 411 2673 627 2764; x_wconf 77' lang='lat' dir='ltr'><strong><em>impietatem</em></strong></span> <span class='ocrx_word' id='word_1_298' title='bbox 646 2679 681 2746; x_wconf 83' lang='lat' dir='ltr'><strong><em>et</em></strong></span> <span class='ocrx_word' id='word_1_299' title='bbox 703 2674 912 2762; x_wconf 80' lang='lat' dir='ltr'><strong><em>apostasiam</em></strong></span> <span class='ocrx_word' id='word_1_300' title='bbox 931 2696 1036 2764; x_wconf 91' lang='lat' dir='ltr'><strong><em>quam</em></strong></span> <span class='ocrx_word' id='word_1_301' title='bbox 1057 2675 1209 2742; x_wconf 81' lang='lat' dir='ltr'><strong><em>Alcimus</em></strong></span> <span class='ocrx_word' id='word_1_302' title='bbox 1229 2675 1368 2743; x_wconf 82' lang='lat' dir='ltr'><strong><em>fovebat</em></strong></span> <span class='ocrx_word' id='word_1_303' title='bbox 1393 2683 1427 2744; x_wconf 92' lang='lat' dir='ltr'><strong><em>et</em></strong></span> <span class='ocrx_word' id='word_1_304' title='bbox 1443 2679 1552 2746; x_wconf 90' lang='lat' dir='ltr'><strong><em>nimio</em></strong></span> 
     </span>
     <span class='ocr_line' id='line_1_27' title="bbox 214 2778 1551 2875; baseline 0.004 -27"><span class='ocrx_word' id='word_1_305' title='bbox 214 2801 374 2848; x_wconf 88' lang='lat' dir='ltr'><strong><em>successu</em></strong></span> <span class='ocrx_word' id='word_1_306' title='bbox 399 2781 627 2870; x_wconf 82' lang='lat' dir='ltr'><strong><em>propagabat,</em></strong></span> <span class='ocrx_word' id='word_1_307' title='bbox 652 2780 777 2847; x_wconf 82' lang='lat' dir='ltr'><strong><em>exstitit</em></strong></span> <span class='ocrx_word' id='word_1_308' title='bbox 798 2778 897 2847; x_wconf 90' lang='lat' dir='ltr'><strong><em>ludas</em></strong></span> <span class='ocrx_word' id='word_1_309' title='bbox 928 2780 1033 2861; x_wconf 85' lang='lat' dir='ltr'><strong><em>ultor;</em></strong></span> <span class='ocrx_word' id='word_1_310' title='bbox 1056 2780 1142 2848; x_wconf 90' lang='lat' dir='ltr'><strong><em>vidit</em></strong></span> <span class='ocrx_word' id='word_1_311' title='bbox 1161 2781 1253 2848; x_wconf 89' lang='lat' dir='ltr'><strong><em>enim</em></strong></span> <span class='ocrx_word' id='word_1_312' title='bbox 1277 2783 1389 2872; x_wconf 89' lang='lat' dir='ltr'><strong><em>ipsum</em></strong></span> <span class='ocrx_word' id='word_1_313' title='bbox 1408 2784 1551 2875; x_wconf 88' lang='lat' dir='ltr'><strong><em>eiusque</em></strong></span> 
     </span>
     <span class='ocr_line' id='line_1_28' title="bbox 215 2886 1554 2981; baseline 0.004 -27"><span class='ocrx_word' id='word_1_314' title='bbox 215 2886 365 2954; x_wconf 84' lang='lat' dir='ltr'><strong><em>asseclas</em></strong></span> <span class='ocrx_word' id='word_1_315' title='bbox 380 2886 489 2954; x_wconf 87' lang='lat' dir='ltr'><strong><em>multo</em></strong></span> <span class='ocrx_word' id='word_1_316' title='bbox 500 2889 582 2976; x_wconf 90' lang='lat' dir='ltr'><strong><em>plus</em></strong></span> <span class='ocrx_word' id='word_1_317' title='bbox 601 2886 719 2954; x_wconf 89' lang='lat' dir='ltr'><strong><em>damni</em></strong></span> <span class='ocrx_word' id='word_1_318' title='bbox 735 2892 769 2954; x_wconf 89' lang='lat' dir='ltr'><strong><em>et</em></strong></span> <span class='ocrx_word' id='word_1_319' title='bbox 788 2887 961 2954; x_wconf 91' lang='lat' dir='ltr'><strong><em>malorum</em></strong></span> <span class='ocrx_word' id='word_1_320' title='bbox 979 2886 1110 2955; x_wconf 79' lang='lat' dir='ltr'><strong><em>inferre</em></strong></span> <span class='ocrx_word' id='word_1_321' title='bbox 1125 2888 1256 2977; x_wconf 91' lang='lat' dir='ltr'><strong><em>populo</em></strong></span> <span class='ocrx_word' id='word_1_322' title='bbox 1273 2889 1332 2956; x_wconf 84' lang='lat' dir='ltr'><strong><em>Dei</em></strong></span> <span class='ocrx_word' id='word_1_323' title='bbox 1346 2912 1449 2981; x_wconf 89' lang='lat' dir='ltr'><strong><em>quam</em></strong></span> <span class='ocrx_word' id='word_1_324' title='bbox 1465 2913 1554 2979; x_wconf 84' lang='lat' dir='ltr'><strong><em>gen-</em></strong></span> 
     </span>
     <span class='ocr_line' id='line_1_29' title="bbox 213 2993 1553 3085; baseline 0.005 -26"><span class='ocrx_word' id='word_1_325' title='bbox 213 2998 269 3060; x_wconf 86' lang='lat' dir='ltr'><strong><em>tes</em></strong></span> <span class='ocrx_word' id='word_1_326' title='bbox 285 3014 317 3060; x_wconf 90' lang='lat' dir='ltr'><strong><em>v.</em></strong></span> <span class='ocrx_word' id='word_1_327' title='bbox 339 2999 394 3061; x_wconf 74' lang='lat'><strong><em>23.</em></strong></span> <span class='ocrx_word' id='word_1_328' title='bbox 411 2998 520 3071; x_wconf 80' lang='lat' dir='ltr'><strong><em>Quare</em></strong></span> <span class='ocrx_word' id='word_1_329' title='bbox 543 2994 657 3061; x_wconf 78' lang='lat' dir='ltr'><strong><em>exibat</em></strong></span> <span class='ocrx_word' id='word_1_330' title='bbox 670 2994 708 3060; x_wconf 91' lang='lat' dir='ltr'><strong><em>in</em></strong></span> <span class='ocrx_word' id='word_1_331' title='bbox 727 3015 846 3061; x_wconf 86' lang='lat' dir='ltr'><strong><em>omnes</em></strong></span> <span class='ocrx_word' id='word_1_332' title='bbox 859 2993 946 3061; x_wconf 88' lang='lat' dir='ltr'><strong><em>fines</em></strong></span> <span class='ocrx_word' id='word_1_333' title='bbox 960 2993 1114 3081; x_wconf 85' lang='lat' dir='ltr'><strong><em>regionis</em></strong></span> <span class='ocrx_word' id='word_1_334' title='bbox 1134 3001 1167 3062; x_wconf 87' lang='lat' dir='ltr'><strong><em>et</em></strong></span> <span class='ocrx_word' id='word_1_335' title='bbox 1187 2996 1353 3085; x_wconf 81' lang='lat' dir='ltr'><strong><em>puniebat</em></strong></span> <span class='ocrx_word' id='word_1_336' title='bbox 1376 2998 1469 3065; x_wconf 88' lang='lat' dir='ltr'><strong><em>viros</em></strong></span> <span class='ocrx_word' id='word_1_337' title='bbox 1494 3000 1553 3066; x_wconf 92' lang='lat' dir='ltr'><strong><em>de·</em></strong></span> 
     </span>
     <span class='ocr_line' id='line_1_30' title="bbox 213 3100 1551 3188; baseline 0.004 -21"><span class='ocrx_word' id='word_1_338' title='bbox 213 3103 363 3167; x_wconf 85' lang='lat' dir='ltr'><strong><em>seriores</em></strong></span> <span class='ocrx_word' id='word_1_339' title='bbox 379 3106 428 3167; x_wconf 75' lang='lat' dir='ltr'><strong><em>nat</em></strong></span> <span class='ocrx_word' id='word_1_340' title='bbox 442 3103 644 3183; x_wconf 71' lang='grc' dir='ltr'>ἀνεστάλησαν</span> <span class='ocrx_word' id='word_1_341' title='bbox 659 3100 1060 3169; x_wconf 84' lang='lat' dir='ltr'><strong><em>ctcohibebanturultra</em></strong></span> <span class='ocrx_word' id='word_1_342' title='bbox 1073 3101 1163 3169; x_wconf 87' lang='lat' dir='ltr'><strong><em>exire</em></strong></span> <span class='ocrx_word' id='word_1_343' title='bbox 1176 3102 1364 3185; x_wconf 88' lang='lat' dir='ltr'><strong><em>interram,</em></strong></span> <span class='ocrx_word' id='word_1_344' title='bbox 1382 3106 1431 3171; x_wconf 92' lang='lat' dir='ltr'><strong><em>uti</em></strong></span> <span class='ocrx_word' id='word_1_345' title='bbox 1447 3129 1480 3172; x_wconf 89' lang='grc' dir='ltr'><strong><em>ν.</em></strong></span> <span class='ocrx_word' id='word_1_346' title='bbox 1495 3113 1551 3188; x_wconf 75' lang='lat'><strong><em>22,</em></strong></span> 
     </span>
     <span class='ocr_line' id='line_1_31' title="bbox 213 3205 1550 3297; baseline 0.005 -26"><span class='ocrx_word' id='word_1_347' title='bbox 213 3205 262 3272; x_wconf 90' lang='lat' dir='ltr'><strong><em>ad</em></strong></span> <span class='ocrx_word' id='word_1_348' title='bbox 281 3205 452 3272; x_wconf 82' lang='lat' dir='ltr'><strong><em>vexandos</em></strong></span> <span class='ocrx_word' id='word_1_349' title='bbox 471 3207 547 3296; x_wconf 90' lang='lat' dir='ltr'><strong><em>pios</em></strong></span> <span class='ocrx_word' id='word_1_350' title='bbox 562 3206 710 3273; x_wconf 91' lang='lat' dir='ltr'><strong><em>cultores</em></strong></span> <span class='ocrx_word' id='word_1_351' title='bbox 729 3206 787 3273; x_wconf 87' lang='lat' dir='ltr'><strong><em>Dei</em></strong></span> <span class='ocrx_word' id='word_1_352' title='bbox 802 3212 837 3273; x_wconf 93' lang='lat' dir='ltr'><strong><em>et</em></strong></span> <span class='ocrx_word' id='word_1_353' title='bbox 851 3206 1145 3274; x_wconf 89' lang='lat' dir='ltr'><strong><em>disseminandam</em></strong></span> <span class='ocrx_word' id='word_1_354' title='bbox 1164 3211 1383 3297; x_wconf 85' lang='lat' dir='ltr'><strong><em>apostasiam.</em></strong></span> <span class='ocrx_word' id='word_1_355' title='bbox 1401 3212 1455 3277; x_wconf 90' lang='lat' dir='ltr'><strong><em>Uti</em></strong></span> <span class='ocrx_word' id='word_1_356' title='bbox 1470 3234 1550 3278; x_wconf 92' lang='lat' dir='ltr'><strong><em>con-</em></strong></span> 
     </span>
     <span class='ocr_line' id='line_1_32' title="bbox 212 3311 1551 3406; baseline 0.003 -26"><span class='ocrx_word' id='word_1_357' title='bbox 212 3319 271 3380; x_wconf 85' lang='lat' dir='ltr'><strong><em>tra</em></strong></span> <span class='ocrx_word' id='word_1_358' title='bbox 285 3318 418 3399; x_wconf 82' lang='lat' dir='ltr'><strong><em>gentes,</em></strong></span> <span class='ocrx_word' id='word_1_359' title='bbox 435 3313 484 3379; x_wconf 90' lang='lat' dir='ltr'><strong><em>ita</em></strong></span> <span class='ocrx_word' id='word_1_360' title='bbox 503 3317 620 3380; x_wconf 90' lang='lat' dir='ltr'><strong><em>contra</em></strong></span> <span class='ocrx_word' id='word_1_361' title='bbox 636 3312 791 3379; x_wconf 88' lang='lat' dir='ltr'><strong><em>concives</em></strong></span> <span class='ocrx_word' id='word_1_362' title='bbox 808 3334 947 3402; x_wconf 88' lang='lat' dir='ltr'><strong><em>quoque</em></strong></span> <span class='ocrx_word' id='word_1_363' title='bbox 964 3311 1090 3400; x_wconf 88' lang='lat' dir='ltr'><strong><em>impios</em></strong></span> <span class='ocrx_word' id='word_1_364' title='bbox 1111 3312 1212 3379; x_wconf 90' lang='lat' dir='ltr'><strong><em>ludas</em></strong></span> <span class='ocrx_word' id='word_1_365' title='bbox 1233 3313 1369 3380; x_wconf 84' lang='lat' dir='ltr'><strong><em>sortiter</em></strong></span> <span class='ocrx_word' id='word_1_366' title='bbox 1387 3338 1450 3404; x_wconf 93' lang='lat' dir='ltr'><strong><em>pro</em></strong></span> <span class='ocrx_word' id='word_1_367' title='bbox 1472 3317 1551 3406; x_wconf 80' lang='lat' dir='ltr'><strong><em>lege</em></strong></span> 
     </span>
     <span class='ocr_line' id='line_1_33' title="bbox 198 3417 1546 3508; baseline 0.003 -24"><span class='ocrx_word' id='word_1_368' title='bbox 198 3417 371 3485; x_wconf 73' lang='lat' dir='ltr'><strong><em>‚dimicat</em></strong></span> <span class='ocrx_word' id='word_1_369' title='bbox 389 3423 428 3484; x_wconf 86' lang='lat' dir='ltr'><strong><em>Et</em></strong></span> <span class='ocrx_word' id='word_1_370' title='bbox 444 3441 549 3508; x_wconf 87' lang='lat' dir='ltr'><strong><em>quam</em></strong></span> <span class='ocrx_word' id='word_1_371' title='bbox 564 3441 731 3508; x_wconf 89' lang='lat' dir='ltr'><strong><em>prospero</em></strong></span> <span class='ocrx_word' id='word_1_372' title='bbox 748 3439 902 3485; x_wconf 88' lang='lat' dir='ltr'><strong><em>successu</em></strong></span> <span class='ocrx_word' id='word_1_373' title='bbox 922 3417 1034 3504; x_wconf 79' lang='lat' dir='ltr'><strong><em>legem</em></strong></span> <span class='ocrx_word' id='word_1_374' title='bbox 1056 3418 1161 3484; x_wconf 86' lang='lat' dir='ltr'><strong><em>tuitus</em></strong></span> <span class='ocrx_word' id='word_1_375' title='bbox 1180 3419 1223 3486; x_wconf 90' lang='lat' dir='ltr'><strong><em>sit</em></strong></span> <span class='ocrx_word' id='word_1_376' title='bbox 1245 3419 1347 3487; x_wconf 90' lang='lat' dir='ltr'><strong><em>ludas</em></strong></span> <span class='ocrx_word' id='word_1_377' title='bbox 1368 3442 1446 3487; x_wconf 91' lang='lat' dir='ltr'><strong><em>cum</em></strong></span> <span class='ocrx_word' id='word_1_378' title='bbox 1466 3422 1546 3501; x_wconf 82' lang='lat' dir='ltr'><strong><em>suia,</em></strong></span> 
     </span>
     <span class='ocr_line' id='line_1_34' title="bbox 214 3523 1549 3616; baseline 0.003 -24"><span class='ocrx_word' id='word_1_379' title='bbox 214 3523 364 3615; x_wconf 79' lang='lat' dir='ltr'><strong><em>apparet</em></strong></span> <span class='ocrx_word' id='word_1_380' title='bbox 378 3547 419 3592; x_wconf 81' lang='lat' dir='ltr'><strong><em>ex</em></strong></span> <span class='ocrx_word' id='word_1_381' title='bbox 433 3547 466 3592; x_wconf 87' lang='lat' dir='ltr'><strong><em>v.</em></strong></span> <span class='ocrx_word' id='word_1_382' title='bbox 484 3531 543 3604; x_wconf 75' lang='lat'><strong><em>25;</em></strong></span> <span class='ocrx_word' id='word_1_383' title='bbox 562 3525 647 3592; x_wconf 89' lang='lat' dir='ltr'><strong><em>vidit</em></strong></span> <span class='ocrx_word' id='word_1_384' title='bbox 662 3523 812 3592; x_wconf 82' lang='lat' dir='ltr'><strong><em>Alcimus</em></strong></span> <span class='ocrx_word' id='word_1_385' title='bbox 830 3546 864 3592; x_wconf 89' lang='lat' dir='ltr'><strong><em>se</em></strong></span> <span class='ocrx_word' id='word_1_386' title='bbox 877 3546 948 3591; x_wconf 91' lang='lat' dir='ltr'><strong><em>csse</em></strong></span> <span class='ocrx_word' id='word_1_387' title='bbox 963 3524 1133 3614; x_wconf 90' lang='lat' dir='ltr'><strong><em>imparem</em></strong></span> <span class='ocrx_word' id='word_1_388' title='bbox 1149 3525 1371 3614; x_wconf 89' lang='lat' dir='ltr'><strong><em>impediendo</em></strong></span> <span class='ocrx_word' id='word_1_389' title='bbox 1387 3549 1549 3616; x_wconf 81' lang='lat' dir='ltr'><strong><em>progres-</em></strong></span> 
     </span>
     <span class='ocr_line' id='line_1_35' title="bbox 213 3630 1548 3721; baseline 0.001 -21"><span class='ocrx_word' id='word_1_390' title='bbox 213 3652 292 3700; x_wconf 84' lang='lat' dir='ltr'><strong><em>sum</em></strong></span> <span class='ocrx_word' id='word_1_391' title='bbox 308 3630 423 3713; x_wconf 88' lang='lat' dir='ltr'><strong><em>Iudae,</em></strong></span> <span class='ocrx_word' id='word_1_392' title='bbox 439 3631 536 3700; x_wconf 86' lang='lat' dir='ltr'><strong><em>cuius</em></strong></span> <span class='ocrx_word' id='word_1_393' title='bbox 550 3635 698 3721; x_wconf 89' lang='lat' dir='ltr'><strong><em>potestas</em></strong></span> <span class='ocrx_word' id='word_1_394' title='bbox 711 3631 748 3698; x_wconf 93' lang='lat' dir='ltr'><strong><em>in</em></strong></span> <span class='ocrx_word' id='word_1_395' title='bbox 763 3630 836 3698; x_wconf 88' lang='lat' dir='ltr'><strong><em>dies</em></strong></span> <span class='ocrx_word' id='word_1_396' title='bbox 851 3631 1041 3713; x_wconf 88' lang='lat' dir='ltr'><strong><em>crescebat;</em></strong></span> <span class='ocrx_word' id='word_1_397' title='bbox 1060 3653 1169 3721; x_wconf 88' lang='lat' dir='ltr'><strong><em>quare</em></strong></span> <span class='ocrx_word' id='word_1_398' title='bbox 1183 3653 1359 3718; x_wconf 79' lang='lat' dir='ltr'><strong><em>regressus</em></strong></span> <span class='ocrx_word' id='word_1_399' title='bbox 1374 3634 1417 3700; x_wconf 90' lang='lat' dir='ltr'><strong><em>ad</em></strong></span> <span class='ocrx_word' id='word_1_400' title='bbox 1431 3657 1548 3721; x_wconf 83' lang='lat' dir='ltr'><strong><em>regem</em></strong></span> 
     </span>
     <span class='ocr_line' id='line_1_36' title="bbox 215 3737 1550 3827; baseline 0.001 -21"><span class='ocrx_word' id='word_1_401' title='bbox 215 3737 337 3806; x_wconf 91' lang='lat' dir='ltr'><strong><em>ludam</em></strong></span> <span class='ocrx_word' id='word_1_402' title='bbox 355 3744 389 3805; x_wconf 91' lang='lat' dir='ltr'><strong><em>ct</em></strong></span> <span class='ocrx_word' id='word_1_403' title='bbox 408 3739 481 3807; x_wconf 89' lang='lat' dir='ltr'><strong><em>eius</em></strong></span> <span class='ocrx_word' id='word_1_404' title='bbox 501 3737 655 3823; x_wconf 87' lang='lat' dir='ltr'><strong><em>asseclas,</em></strong></span> <span class='ocrx_word' id='word_1_405' title='bbox 673 3739 724 3804; x_wconf 91' lang='lat' dir='ltr'><strong><em>uti</em></strong></span> <span class='ocrx_word' id='word_1_406' title='bbox 744 3742 858 3818; x_wconf 90' lang='lat' dir='ltr'><strong><em>antea,</em></strong></span> <span class='ocrx_word' id='word_1_407' title='bbox 881 3737 993 3804; x_wconf 89' lang='lat' dir='ltr'><strong><em>denuo</em></strong></span> <span class='ocrx_word' id='word_1_408' title='bbox 1014 3737 1107 3827; x_wconf 92' lang='lat' dir='ltr'><strong><em>apud</em></strong></span> <span class='ocrx_word' id='word_1_409' title='bbox 1129 3759 1247 3824; x_wconf 82' lang='lat' dir='ltr'><strong><em>regem</em></strong></span> <span class='ocrx_word' id='word_1_410' title='bbox 1266 3759 1343 3804; x_wconf 88' lang='lat' dir='ltr'><strong><em>reos</em></strong></span> <span class='ocrx_word' id='word_1_411' title='bbox 1364 3739 1550 3807; x_wconf 84' lang='lat' dir='ltr'><strong><em>exhibebat</em></strong></span> 
     </span>
     <span class='ocr_line' id='line_1_37' title="bbox 216 3842 1551 3913; baseline 0 -2"><span class='ocrx_word' id='word_1_412' title='bbox 216 3843 418 3912; x_wconf 90' lang='lat' dir='ltr'><strong><em>rebellionis</em></strong></span> <span class='ocrx_word' id='word_1_413' title='bbox 439 3851 473 3911; x_wconf 88' lang='lat' dir='ltr'><strong><em>et</em></strong></span> <span class='ocrx_word' id='word_1_414' title='bbox 488 3844 723 3913; x_wconf 86' lang='lat' dir='ltr'><strong><em>contumaciae</em></strong></span> <span class='ocrx_word' id='word_1_415' title='bbox 743 3851 863 3912; x_wconf 89' lang='lat' dir='ltr'><strong><em>contra</em></strong></span> <span class='ocrx_word' id='word_1_416' title='bbox 886 3843 1159 3911; x_wconf 88' lang='lat' dir='ltr'><strong><em>dominationem</em></strong></span> <span class='ocrx_word' id='word_1_417' title='bbox 1180 3842 1263 3912; x_wconf 82' lang='lat' dir='ltr'><strong><em>eius,</em></strong></span> <span class='ocrx_word' id='word_1_418' title='bbox 1282 3845 1471 3911; x_wconf 90' lang='lat' dir='ltr'><strong><em>Demetrius</em></strong></span> <span class='ocrx_word' id='word_1_419' title='bbox 1494 3869 1551 3912; x_wconf 87' lang='lat' dir='ltr'><strong><em>rex</em></strong></span> 
     </span>
     <span class='ocr_line' id='line_1_38' title="bbox 216 3949 1550 4042; baseline 0.002 -24"><span class='ocrx_word' id='word_1_420' title='bbox 216 3951 332 4018; x_wconf 81' lang='lat' dir='ltr'><strong><em>faciles</em></strong></span> <span class='ocrx_word' id='word_1_421' title='bbox 351 3950 383 4017; x_wconf 90' lang='lat' dir='ltr'><strong><em>ei</em></strong></span> <span class='ocrx_word' id='word_1_422' title='bbox 401 3973 499 4019; x_wconf 90' lang='lat' dir='ltr'><strong><em>aures</em></strong></span> <span class='ocrx_word' id='word_1_423' title='bbox 513 3951 714 4042; x_wconf 82' lang='lat' dir='ltr'><strong><em>praebuisse</em></strong></span> <span class='ocrx_word' id='word_1_424' title='bbox 730 3950 883 4030; x_wconf 66' lang='lat' dir='ltr'><strong><em>videtum</em></strong></span> <span class='ocrx_word' id='word_1_425' title='bbox 900 3951 1004 4017; x_wconf 86' lang='lat' dir='ltr'><strong><em>mittit</em></strong></span> <span class='ocrx_word' id='word_1_426' title='bbox 1019 3950 1112 4018; x_wconf 91' lang='lat' dir='ltr'><strong><em>enim</em></strong></span> <span class='ocrx_word' id='word_1_427' title='bbox 1125 3951 1162 4017; x_wconf 87' lang='lat' dir='ltr'><strong><em>in</em></strong></span> <span class='ocrx_word' id='word_1_428' title='bbox 1174 3949 1335 4019; x_wconf 88' lang='lat' dir='ltr'><strong><em>Iudaeam</em></strong></span> <span class='ocrx_word' id='word_1_429' title='bbox 1349 3951 1550 4021; x_wconf 86' lang='lat' dir='ltr'><strong><em>Nicanorem</em></strong></span> 
     </span>
     <span class='ocr_line' id='line_1_39' title="bbox 145 4056 1554 4149; baseline 0.003 -26"><span class='ocrx_word' id='word_1_430' title='bbox 145 4069 152 4082; x_wconf 79' lang='grc'><em>·</em></span> <span class='ocrx_word' id='word_1_431' title='bbox 217 4079 327 4126; x_wconf 92' lang='lat' dir='ltr'><strong><em>unum</em></strong></span> <span class='ocrx_word' id='word_1_432' title='bbox 347 4081 387 4124; x_wconf 88' lang='lat' dir='ltr'><strong><em>ex</em></strong></span> <span class='ocrx_word' id='word_1_433' title='bbox 403 4058 635 4126; x_wconf 86' lang='lat' dir='ltr'><strong><em>nobilioribus</em></strong></span> <span class='ocrx_word' id='word_1_434' title='bbox 655 4058 811 4140; x_wconf 88' lang='lat' dir='ltr'><strong><em>ducibus,</em></strong></span> <span class='ocrx_word' id='word_1_435' title='bbox 830 4057 892 4146; x_wconf 89' lang='lat' dir='ltr'><strong><em>qui</em></strong></span> <span class='ocrx_word' id='word_1_436' title='bbox 911 4079 974 4146; x_wconf 91' lang='lat' dir='ltr'><strong><em>pro</em></strong></span> <span class='ocrx_word' id='word_1_437' title='bbox 997 4079 1059 4125; x_wconf 91' lang='lat' dir='ltr'><strong><em>suo</em></strong></span> <span class='ocrx_word' id='word_1_438' title='bbox 1081 4057 1116 4125; x_wconf 91' lang='lat' dir='ltr'><strong><em>in</em></strong></span> <span class='ocrx_word' id='word_1_439' title='bbox 1143 4057 1243 4126; x_wconf 90' lang='lat' dir='ltr'><strong><em>lsrael</em></strong></span> <span class='ocrx_word' id='word_1_440' title='bbox 1258 4056 1338 4125; x_wconf 91' lang='lat' dir='ltr'><strong><em>odio</em></strong></span> <span class='ocrx_word' id='word_1_441' title='bbox 1359 4059 1554 4149; x_wconf 88' lang='lat' dir='ltr'><strong><em>aptissimus</em></strong></span> 
     </span>
     <span class='ocr_line' id='line_1_40' title="bbox 217 4162 1553 4255; baseline 0.004 -27"><span class='ocrx_word' id='word_1_442' title='bbox 217 4162 399 4232; x_wconf 87' lang='lat' dir='ltr'><strong><em>videbatur</em></strong></span> <span class='ocrx_word' id='word_1_443' title='bbox 415 4163 460 4230; x_wconf 91' lang='lat' dir='ltr'><strong><em>ad</em></strong></span> <span class='ocrx_word' id='word_1_444' title='bbox 474 4163 660 4232; x_wconf 90' lang='lat' dir='ltr'><strong><em>delendum</em></strong></span> <span class='ocrx_word' id='word_1_445' title='bbox 677 4165 858 4255; x_wconf 89' lang='lat' dir='ltr'><strong><em>populum,</em></strong></span> <span class='ocrx_word' id='word_1_446' title='bbox 876 4165 933 4230; x_wconf 89' lang='lat' dir='ltr'><strong><em>eui</em></strong></span> <span class='ocrx_word' id='word_1_447' title='bbox 947 4164 1051 4233; x_wconf 88' lang='lat' dir='ltr'><strong><em>etiam</em></strong></span> <span class='ocrx_word' id='word_1_448' title='bbox 1066 4164 1225 4249; x_wconf 85' lang='lat' dir='ltr'><strong><em>iniunxit,</em></strong></span> <span class='ocrx_word' id='word_1_449' title='bbox 1243 4170 1281 4233; x_wconf 94' lang='lat' dir='ltr'><strong><em>ut</em></strong></span> <span class='ocrx_word' id='word_1_450' title='bbox 1300 4171 1479 4252; x_wconf 86' lang='lat' dir='ltr'><strong><em>everteret,</em></strong></span> <span class='ocrx_word' id='word_1_451' title='bbox 1495 4167 1553 4234; x_wconf 91' lang='lat' dir='ltr'><strong><em>de-</em></strong></span> 
     </span>
     <span class='ocr_line' id='line_1_41' title="bbox 218 4271 1553 4361; baseline 0.001 -25"><span class='ocrx_word' id='word_1_452' title='bbox 218 4274 367 4338; x_wconf 89' lang='lat' dir='ltr'><strong><em>strueret</em></strong></span> <span class='ocrx_word' id='word_1_453' title='bbox 384 4271 486 4337; x_wconf 87' lang='lat' dir='ltr'><strong><em>lsrael</em></strong></span> <span class='ocrx_word' id='word_1_454' title='bbox 502 4294 534 4339; x_wconf 91' lang='lat' dir='ltr'><strong><em>v.</em></strong></span> <span class='ocrx_word' id='word_1_455' title='bbox 555 4278 609 4338; x_wconf 75' lang='lat'><strong><em>26.</em></strong></span> <span class='ocrx_word' id='word_1_456' title='bbox 632 4276 679 4338; x_wconf 85' lang='lat' dir='ltr'><strong><em>S:</em></strong></span> <span class='ocrx_word' id='word_1_457' title='bbox 703 4271 796 4337; x_wconf 89' lang='lat' dir='ltr'><strong><em>misit</em></strong></span> <span class='ocrx_word' id='word_1_458' title='bbox 816 4293 874 4337; x_wconf 89' lang='lat' dir='ltr'><strong><em>rex</em></strong></span> <span class='ocrx_word' id='word_1_459' title='bbox 893 4272 1084 4339; x_wconf 80' lang='lat' dir='ltr'><strong><em>Denretrius</em></strong></span> <span class='ocrx_word' id='word_1_460' title='bbox 1107 4272 1350 4340; x_wconf 86' lang='lat' dir='ltr'><strong><em>Nicanorem...</em></strong></span> <span class='ocrx_word' id='word_1_461' title='bbox 1372 4279 1412 4342; x_wconf 93' lang='lat' dir='ltr'><strong><em>ut</em></strong></span> <span class='ocrx_word' id='word_1_462' title='bbox 1433 4272 1553 4361; x_wconf 89' lang='lat' dir='ltr'><strong><em>perdo-</em></strong></span> 
     </span>
     <span class='ocr_line' id='line_1_42' title="bbox 219 4377 1551 4508; baseline 0.002 -67"><span class='ocrx_word' id='word_1_463' title='bbox 219 4381 271 4442; x_wconf 90' lang='lat' dir='ltr'><strong><em>ret</em></strong></span> <span class='ocrx_word' id='word_1_464' title='bbox 287 4383 322 4443; x_wconf 88' lang='lat' dir='ltr'><strong><em>et</em></strong></span> <span class='ocrx_word' id='word_1_465' title='bbox 336 4378 486 4444; x_wconf 81' lang='lat' dir='ltr'><strong><em>auferret</em></strong></span> <span class='ocrx_word' id='word_1_466' title='bbox 499 4377 742 4508; x_wconf 84' lang='lat' dir='ltr'><strong><em>populum-</em></strong></span> <span class='ocrx_word' id='word_1_467' title='bbox 699 4383 842 4445; x_wconf 90' lang='lat' dir='ltr'><strong><em>-Cum</em></strong></span> <span class='ocrx_word' id='word_1_468' title='bbox 858 4377 1057 4460; x_wconf 63' lang='lat' dir='ltr'><strong><em>Demetrius</em></strong></span> <span class='ocrx_word' id='word_1_469' title='bbox 1075 4377 1174 4445; x_wconf 89' lang='lat' dir='ltr'><strong><em>obses</em></strong></span> <span class='ocrx_word' id='word_1_470' title='bbox 1189 4384 1313 4445; x_wconf 84' lang='lat' dir='ltr'><strong><em>llomac</em></strong></span> <span class='ocrx_word' id='word_1_471' title='bbox 1321 4379 1463 4464; x_wconf 80' lang='lat' dir='ltr'><strong><em>,lugam</em></strong></span> <span class='ocrx_word' id='word_1_472' title='bbox 1479 4401 1551 4444; x_wconf 89' lang='lat' dir='ltr'><strong><em>me-</em></strong></span> 
     </span>
    </p>

    <p class='ocr_par' dir='ltr' id='par_1_5' title="bbox 218 4478 1551 4788">
     <span class='ocr_line' id='line_1_43' title="bbox 219 4478 1551 4573; baseline 0.002 -26"><span class='ocrx_word' id='word_1_473' title='bbox 219 4478 432 4565; x_wconf 62' lang='lat' dir='ltr'><strong><em>&lt;lituratum</em></strong></span> <span class='ocrx_word' id='word_1_474' title='bbox 435 4499 520 4564; x_wconf 77' lang='grc' dir='ltr'><strong><em>οῖς</em></strong></span> <span class='ocrx_word' id='word_1_475' title='bbox 500 4489 604 4572; x_wconf 81' lang='grc' dir='ltr'>πεὶτρ</span> <span class='ocrx_word' id='word_1_476' title='bbox 594 4487 839 4573; x_wconf 83' lang='grc' dir='ltr'>νΝικανσρα</span> <span class='ocrx_word' id='word_1_477' title='bbox 825 4511 866 4551; x_wconf 92' lang='grc' dir='ltr'><strong><em>σι</em></strong></span> <span class='ocrx_word' id='word_1_478' title='bbox 869 4512 1080 4570; x_wconf 71' lang='lat' dir='ltr'><strong><em>captari</em></strong></span> <span class='ocrx_word' id='word_1_479' title='bbox 1073 4492 1172 4567; x_wconf 74' lang='grc' dir='ltr'><strong><em>λόν</em></strong></span> <span class='ocrx_word' id='word_1_480' title='bbox 1190 4482 1321 4572; x_wconf 82' lang='lat' dir='ltr'><strong><em>(Polyb</em></strong></span> <span class='ocrx_word' id='word_1_481' title='bbox 1345 4487 1399 4562; x_wconf 87' lang='lat'><strong><em>31,</em></strong></span> <span class='ocrx_word' id='word_1_482' title='bbox 1405 4489 1447 4548; x_wconf 70' lang='lat'><strong><em>22</em></strong></span> <span class='ocrx_word' id='word_1_483' title='bbox 1451 4483 1496 4571; x_wconf 74' lang='lat' dir='ltr'><strong><em>b)</em></strong></span> <span class='ocrx_word' id='word_1_484' title='bbox 1518 4491 1551 4550; x_wconf 83' lang='lat' dir='ltr'><strong><em>et</em></strong></span> 
     </span>
     <span class='ocr_line' id='line_1_44' title="bbox 219 4587 1550 4678; baseline 0.002 -25"><span class='ocrx_word' id='word_1_485' title='bbox 219 4589 381 4678; x_wconf 89' lang='lat' dir='ltr'><strong><em>Iosephus</em></strong></span> <span class='ocrx_word' id='word_1_486' title='bbox 405 4590 490 4658; x_wconf 90' lang='lat' dir='ltr'><strong><em>dicit</em></strong></span> <span class='ocrx_word' id='word_1_487' title='bbox 512 4591 715 4658; x_wconf 88' lang='lat' dir='ltr'><strong><em>Nicanorem</em></strong></span> <span class='ocrx_word' id='word_1_488' title='bbox 739 4611 816 4656; x_wconf 91' lang='lat' dir='ltr'><strong><em>cum</em></strong></span> <span class='ocrx_word' id='word_1_489' title='bbox 844 4612 884 4655; x_wconf 93' lang='lat' dir='ltr'><strong><em>eo</em></strong></span> <span class='ocrx_word' id='word_1_490' title='bbox 913 4593 1020 4656; x_wconf 89' lang='lat' dir='ltr'><strong><em>Roma</em></strong></span> <span class='ocrx_word' id='word_1_491' title='bbox 1041 4587 1248 4678; x_wconf 79' lang='lat' dir='ltr'><strong><em>profugisse.</em></strong></span> <span class='ocrx_word' id='word_1_492' title='bbox 1274 4593 1371 4656; x_wconf 82' lang='lat' dir='ltr'><strong><em>Estne</em></strong></span> <span class='ocrx_word' id='word_1_493' title='bbox 1393 4588 1484 4655; x_wconf 88' lang='lat' dir='ltr'><strong><em>idem</em></strong></span> <span class='ocrx_word' id='word_1_494' title='bbox 1508 4589 1550 4656; x_wconf 88' lang='lat' dir='ltr'><strong><em>dc</em></strong></span> 
     </span>
     <span class='ocr_line' id='line_1_45' title="bbox 218 4695 1548 4788; baseline 0 -26"><span class='ocrx_word' id='word_1_495' title='bbox 218 4715 286 4782; x_wconf 91' lang='lat' dir='ltr'><strong><em>quo</em></strong></span> <span class='ocrx_word' id='word_1_496' title='bbox 309 4701 410 4779; x_wconf 69' lang='lat' dir='ltr'><strong><em>aaa?</em></strong></span> <span class='ocrx_word' id='word_1_497' title='bbox 430 4697 492 4788; x_wconf 89' lang='lat' dir='ltr'><strong><em>qui</em></strong></span> <span class='ocrx_word' id='word_1_498' title='bbox 518 4697 592 4766; x_wconf 86' lang='lat' dir='ltr'><strong><em>scil.</em></strong></span> <span class='ocrx_word' id='word_1_499' title='bbox 614 4702 750 4764; x_wconf 89' lang='lat' dir='ltr'><strong><em>mortuo</em></strong></span> <span class='ocrx_word' id='word_1_500' title='bbox 767 4695 947 4786; x_wconf 87' lang='lat' dir='ltr'><strong><em>Epiphane</em></strong></span> <span class='ocrx_word' id='word_1_501' title='bbox 975 4695 1021 4762; x_wconf 93' lang='lat' dir='ltr'><strong><em>ad</em></strong></span> <span class='ocrx_word' id='word_1_502' title='bbox 1042 4699 1157 4786; x_wconf 89' lang='lat' dir='ltr'><strong><em>partes</em></strong></span> <span class='ocrx_word' id='word_1_503' title='bbox 1185 4695 1356 4763; x_wconf 90' lang='lat' dir='ltr'><strong><em>transierit</em></strong></span> <span class='ocrx_word' id='word_1_504' title='bbox 1374 4698 1548 4781; x_wconf 84' lang='lat' dir='ltr'><strong><em>Demetrii,</em></strong></span> 
     </span>
    </p>
   </div>
   <div class='ocr_carea' id='block_1_5' title="bbox 0 0 1818 5367">
    <p class='ocr_par' dir='ltr' id='par_1_6' title="bbox 0 0 1818 5367">
     <span class='ocr_line' id='line_1_46' title="bbox 0 0 1818 5367; baseline 0 2"><span class='ocrx_word' id='word_1_505' title='bbox 0 0 1818 5367; x_wconf 95' lang='lat' dir='ltr'><strong><em> </em></strong></span> 
     </span>
    </p>
   </div>
  </div>
 </body>
</html>
