3625 5367
280 353 319 412 82
802 350 829 407 1.
854 365 946 408 ulcu.
971 348 1086 418 iiiito.

282 510 388 583 Quem
404 500 523 569 sedulo
534 499 571 566 in
582 499 728 566 urbibus
744 498 828 565 ludu
841 497 956 584 legem
971 497 1158 565 restituerit
1174 502 1208 564 et
1221 519 1261 563 ex
1277 519 1317 563 eo
1333 496 1474 584 regione
1487 495 1615 587 impios

281 608 457 688 deleverit,
475 607 670 693 declaretur
688 629 720 674 v.
738 610 775 685 8,·
792 605 857 671 hae
871 610 989 671 sencio
1006 603 1135 690 agendi
1149 602 1283 670 ratione
1304 603 1430 670 evertit
1449 603 1535 670 iram
1556 593 1616 671 [lei

284 716 329 784 ab
346 715 449 782 lsrael
469 715 527 804 (el.
550 720 644 796 1‚ttr;
668 711 780 799 2‚t9);
805 715 837 792 ἐξ
857 717 949 796 αὐτῆς
969 709 1118 777 refertur
1137 707 1182 776 ad
1201 715 1330 776 terram
1351 709 1449 792 lude;
1471 715 1503 790 ἐξ
1519 716 1615 779 οὔτῶν

285 824 320 912 (S
338 845 353 888 s
376 827 411 889 et
434 822 553 911 plures
573 818 784 906 minusculi).
808 821 858 884 lte
878 818 1006 884 loetum
1029 821 1089 897 est,
1112 821 1150 883 ut
1170 837 1248 882 eum
1274 815 1376 883 laude
1397 816 1616 884 nomenoius

281 928 513 996 celebraretur
533 927 634 993 etiam
653 925 691 992 in
711 923 837 991 dissitis
856 922 1078 1011 regionibus;
1101 921 1270 990 lsruelitas
1287 927 1403 990 autem
1415 934 1612 1013 pereuntes,

283 1037 342 1126 qui
360 1036 432 1101 iam
448 1032 623 1101 interituri
637 1031 846 1099 videbantur
861 1037 894 1097 ei
910 1031 981 1097 lere
997 1029 1041 1097 de
1060 1050 1122 1096 sua
1142 1028 1253 1096 solute
1275 1030 1497 1120 desperantes
1512 1029 1546 1119 (S
1561 1029 1616 1096 di-

281 1163 424 1232 spersos,
440 1138 631 1230 sperditos)
645 1137 879 1228 conqreqavit
896 1135 1049 1226 dilapsos
1064 1135 1215 1223 collegit.

546 1376 574 1432 1.
596 1369 693 1431 Iudae
706 1368 810 1430 noant
821 1366 1012 1448 Apollonium
1026 1371 1053 1428 el
1065 1367 1201 1428 Sironem
1216 1371 1349 1442 3,10-16.

319 1571 396 1632 3,10.
412 1571 445 1621 Et
462 1567 808 1634 eonurequoitipolloniur
822 1581 888 1631 uen—
975 1564 1058 1634 3,10.
1087 1561 1143 1624 Καί
1175 1561 1322 1642 συνήγαγεν
1347 1561 1529 1630 Ἀπολλώνιος
1555 1563 1615 1637 ἔθνη

281 1667 318 1710 tes
340 1667 365 1710 et
388 1674 405 1708 u
429 1660 558 1709 Sumurto
578 1661 705 1710 uirtutem
728 1657 841 1707 muttum
863 1664 888 1705 et
934 1649 980 1710 καί
997 1650 1050 1710 ἐπὸ
1066 1651 1221 1732 Σαμαρείας
1240 1653 1351 1726 δύναμιν
1367 1651 1487 1730 μεγαίλην
1506 1655 1552 1710 τοῶ
1566 1675 1616 1711 πο-

281 1763 407 1812 ιιιαραααι
428 1749 463 1798 ud
487 1748 641 1798 bellantium
668 1754 762 1797 contra
790 1745 886 1796 lsrael.
934 1740 1052 1816 λεμῆσαι
1066 1738 1137 1818 πρὸς
1149 1739 1272 1821 Ἰσραήλ.
1292 1743 1340 1801 11.
1362 1739 1498 1819 Καίέγνυν
1514 1737 1617 1809 Ἰούδας

284 1839 324 1888 ll.
345 1839 379 1888 ttt
408 1839 530 1901 cognovit
553 1836 635 1886 ludos
654 1844 678 1885 et
697 1837 764 1885 exiit
782 1835 888 1885 obuium
933 1827 979 1887 καί
994 1829 1101 1900 ἐξῆλθεν
1121 1831 1156 1897 εἰς
1172 1829 1329 1900 συνάντησιν
1352 1831 1436 1909 αὐτῷ,
1451 1828 1497 1888 καί
1513 1829 1615 1889 ἐπίτα-

281 1927 327 1976 ilti
342 1932 367 1975 et
377 1928 509 1991 percurrit
523 1931 547 1975 et
562 1926 659 1975 oceidit
673 1923 767 1985 illuni,
784 1930 807 1972 et
820 1923 887 1974 teci·
935 1916 975 1986 ξεν
996 1917 1075 1977 αὐτὸν
1098 1919 1144 1976 καί
1169 1915 1321 1977 ύπίκτεινεν
1343 1917 1433 1992 αὐτὸν,
1456 1917 1504 1978 καί
1521 1913 1617 1979 ἔπεσον

281 2016 378 2065 derunt
397 2013 534 2064 uulnerati
549 2013 629 2062 multi
647 2020 672 2063 et
692 2013 792 2076 reliqui
811 2012 888 2077 tuoe·
933 2007 1098 2085 τραυματίαι
1118 2006 1222 2080 πολλοὶ,
1246 2005 1293 2065 καί
1312 2008 1335 2065 ol
1354 2005 1486 2066 ἐπίλοιποι
1508 2006 1614 2088 ἔφυγον.
1636 2048 1639 2054 ,

282 2111 345 2154 runt
354 2118 362 2162 ;
379 2104 419 2154 11.
436 2109 460 2152 et
472 2104 573 2166 aceepit
584 2101 674 2167 spolio
689 2115 779 2151 eorum
791 2108 815 2150 et
829 2100 887 2163 nlu-
936 2097 984 2155 11.
1010 2095 1063 2154 Καὶ
1082 2093 1161 2153 net:
1176 2093 1211 2154 τὰ
1225 2096 1311 2154 σκῦλα
1330 2087 1417 2154 αὐτῶν
1434 2095 1479 2154 καί
1500 2095 1548 2168 τὴν
1562 2096 1617 2172 μοί·

281 2195 355 2242 dium
378 2191 518 2258 Apollonii
542 2191 655 2240 abstulit
679 2191 762 2241 tudes
781 2197 806 2240 et
830 2197 888 2239 erut
933 2205 1031 2264 χαιραν
1055 2182 1232 2245 Ἀπολλωνίου
1255 2181 1352 2242 tinto
1384 2182 1487 2254 Ἰούδας
1512 2185 1557 2245 καί
1583 2175 1615 2257 ἦν

282 2295 409 2346 pennoni
421 2283 452 2330 in
466 2294 495 2329 eo
505 2281 627 2330 omnibus
642 2280 744 2329 ἀιίδυε.
934 2272 1058 2347 πολεμῶν
1070 2273 1096 2330 ἐν
1112 2273 1179 2351 αὐτῇ
1193 2272 1283 2339 παίσας
1298 2272 1346 2339 τὰς
1359 2273 1470 2353 ἡμέρας.

320 2372 361 2422 13.
377 2371 410 2420 lit
426 2371 532 2419 audivit
546 2370 631 2419 Senon
645 2369 772 2432 princepe
787 2367 888 2416 enerci—
976 2361 1024 2421 13.
1042 2360 1097 2421 Καὶ
1116 2360 1213 2432 ἤκουσε
1237 2363 1333 2442 Σήρων
1357 2363 1371 2420 δ
1395 2362 1485 2442 ἄρχων
1506 2363 1554 2431 τῆς
1569 2362 1614 2420 δυ-

283 2469 325 2510 tut
344 2460 441 2523 Suriae
459 2459 529 2521 quoti
547 2457 719 2522 congregavit
735 2457 816 2505 ludus
828 2469 888 2505 con·
935 2448 1040 2526 ναίμειυς
1053 2449 1152 2526 Συρίας
1166 2449 1207 2507 δτι
1227 2449 1348 2530 ἤθροισεν
1362 2448 1465 2516 Ἰούδας
1479 2448 1613 2528 ἄθροισμα

281 2550 465 2614 arcuationem
473 2546 593 2612 fidelium
607 2554 632 2596 et
641 2545 778 2596 ecclesium
787 2558 887 2603 ιαοαιιι;
936 2537 980 2596 καὶ
1002 2537 1146 2611 ἐκκλησίαν
1166 2543 1268 2597 πιστῶν
1291 2535 1348 2614 μετ’
1368 2541 1449 2597 αὐτοῦ
1470 2537 1515 2596 καί
1536 2539 1615 2597 ἐκπο-

284 2638 325 2689 11.
342 2643 366 2687 et
379 2637 418 2685 uit
434 2649 443 2687 :
458 2635 559 2700 facium
575 2635 643 2685 mitti
657 2649 754 2684 nomen
767 2640 792 2684 et
805 2631 888 2696 olori·
935 2627 1082 2706 ριυομίνων
1099 2631 1135 2693 είς
1148 2625 1277 2704 πόλεμον,
1293 2629 1341 2688 11.
1358 2625 1404 2686 καλ
1423 2617 1491 2686 εἷπε·
1510 2626 1616 2700 ποιήσοι

281 2727 382 2792 mutor
397 2727 429 2775 in
447 2738 529 2787 reone
550 2731 574 2774 et
593 2723 731 2774 debellabo
747 2725 843 2773 ludum
864 2729 888 2772 et
935 2716 1043 2796 ἐμαυτῷ
1062 2717 1152 2792 ὄνομα
1164 2716 1209 2775 καί
1224 2714 1421 2793 δοξασθήσομαι
1440 2717 1466 2774 ἐν
1489 2741 1522 2797 τη
1538 2719 1613 2796 βασι-

283 2830 325 2866 σοι
350 2816 397 2880 ραι·
421 2828 479 2864 οιιιιι
502 2815 561 2878 ipro
581 2817 653 2874 sunt,
668 2814 715 2876 qui
727 2813 889 2877 spembunt
933 2803 1005 2882 λείᾳ,
1021 2804 1067 2864 καί
1085 2805 1232 2879 πολεμήσω
1247 2805 1292 2863 τὸν
1308 2803 1411 2866 Ἰούδαν
1426 2804 1471 2863 καί
1491 2802 1550 2871 σούς
1566 2803 1614 2863 σὺν

282 2903 392 2956 uerbum
414 2905 495 2967 reule.
523 2904 562 2953 15.
584 2903 617 2950 Et
640 2902 818 2966 praepararit
845 2913 888 2960 se;
935 2893 1019 2972 αὐτῷ,
1034 2891 1093 2959 τοὺς
1112 2891 1307 2960 ίξουδενοῶντας
1325 2892 1370 2952 τδν
1385 2893 1461 2968 λόγον
1475 2899 1520 2953 τοῦ
1538 2897 1614 2972 βασι·

283 2994 499 3053 etueeenderunt
513 3004 571 3040 cum
585 3003 614 3039 eo
628 2986 886 3053 castimoniorum,
934 2978 1011 3046 λίινς.
1034 2983 1081 3041 15.
1108 2980 1164 3040 Καὶ
1184 2980 1324 3063 προςέθετο
1343 2986 1388 3040 τοῦ
1414 2980 1556 3054 ἀναύῆναι,
1570 2981 1616 3042 καλ

285 3082 366 3147 fortes
382 3080 541 3139 auxiliarii,
558 3085 588 3129 ut
607 3077 724 3142 iacerent
742 3078 890 3128 vindictum
935 3065 1018 3139 ἀνίὸη
1034 3068 1092 3145 μετ’
1115 3071 1193 3129 αὐτοῦ
1216 3069 1376 3149 παρεμύολλ
1398 3071 1502 3130 ἀοιδῶν
1516 3070 1614 3151 ἰσχυρίι

285 3173 316 3221 in
333 3170 404 3236 filios
422 3169 524 3230 irruet·
548 3165 589 3218 1δρ
607 3173 632 3216 et
651 3167 889 3240 opproplnquooe-
937 3159 1067 3234 βοηθῆσαι
1082 3157 1153 3236 αύτῷ
1173 3157 1220 3216 καλ
1239 3161 1351 3230 ποιῆσαι
1366 3158 1416 3230 τὴν
1437 3157 1571 3232 ἐκδίκησιν
1587 3163 1613 3220 ἐν

284 3267 349 3311 runt
366 3272 447 3322 usque
463 3258 501 3307 'ud
519 3257 653 3307 Bethoron
667 3263 691 3305 et
710 3255 792 3306 euiuit
808 3256 888 3304 ludar
934 3249 998 3313 υἱοῖς
1009 3245 1127 3324 Ἰσραήλ.
1147 3248 1194 3308 16.
1211 3249 1266 3309 Καὶ
1277 3247 1386 3326 ἤγγισεν
1398 3247 1448 3315 ἕως
1461 3249 1615 3314 ἀναδύσειυς

233 3405 236 3412 ,
285 3350 391 3401 obvium
415 3348 461 3398 illi
479 3361 536 3397 cum
554 3346 661 3410 ροιιοία.
685 3345 727 3396 17.
750 3345 780 3394 Ut
801 3350 890 3394 nutem
936 3335 1079 3414 Βαιθωρῶν
1099 3335 1144 3394 καί
1166 3335 1271 3407 ἐξῆλθεν
1287 3335 1387 3404 Ἰούδας
1405 3339 1442 3403 εἰς
1456 3338 1614 3408 συνάντησιν

282 3441 407 3489 viderunt
428 3436 571 3485 exereitum
593 3435 742 3483 venientem
764 3433 818 3482 ribi
841 3433 889 3483 ob·
936 3427 1008 3505 αὐτῷ
1020 3423 1163 3502 ὀλιγοστύς.
1182 3427 1230 3485 17.
1249 3423 1296 3493 Ὡς
1311 3424 1338 3484 δὲ
1349 3424 1403 3485 ἴδον
1415 3423 1464 3497 τὴν
1476 3425 1612 3506 παρεμῶο·

282 3529 365 3584 oium,
382 3526 508 3575 dixerunt
522 3522 604 3572 lutiae
622 3523 772 3584 :quomodo
785 3522 889 3587 poteri·
935 3512 983 3582 λὴν
1008 3513 1153 3593 ἐρχομένην
1174 3518 1212 3582 εἰς
1232 3513 1391 3584 συνάντησιν
1416 3515 1513 3586 αὐτοῖς,
1540 3505 1613 3574 εἶπον

283 3629 341 3665 inus
353 3613 436 3678 pauci
446 3624 569 3677 puynare
581 3617 676 3661 contro
689 3609 890 3668 multitudinem
934 3603 972 3682 τῷ
987 3599 1086 3682 Ἰούδα·
1102 3604 1128 3660 τί
1143 3601 1308 3679 δυνησόμεθα
1323 3603 1455 3681 δλιγοστοί
1473 3602 1546 3671 ὄντες
1562 3626 1611 3663 πο-

283 3709 388 3754 tantem
402 3707 426 3751 et
440 3707 494 3750 tum
509 3698 603 3765 [ortem
615 3705 639 3749 et
653 3713 702 3749 nos
717 3699 830 3763 [atinati
841 3713 888 3747 eu·
934 3692 1050 3763 λεμῆσαι
1070 3690 1134 3770 πρὸς
1156 3692 1255 3764 πλῆθος
1276 3697 1401 3752 τοσοῦτον
1426 3692 1552 3774 ἰσχυρῶς
1567 3693 1613 3751 καί

283 3807 341 3842 ntur
360 3792 464 3841 ieiunio
484 3789 582 3840 nodie?
603 3788 644 3839 18.
666 3789 698 3838 Et
716 3789 755 3837 uit
778 3788 887 3837 ludat:
932 3781 1011 3854 ημιῒς
1038 3780 1201 3856 ἐκλελύμεθα
1226 3783 1377 3854 ἄσιτοῦιτες
1405 3779 1532 3862 σήμερον.
1561 3783 1608 3844 18.
1697 3853 1701 3859 Ι

284 3880 365 3946 [nelle
378 3886 417 3930 est
429 3878 552 3930 concludi
564 3877 661 3926 multos
673 3877 704 3926 in
714 3891 810 3926 monus
821 3891 888 3942 pou·
937 3865 990 3926 Καί
1004 3857 1075 3926 εἶπεν
1089 3866 1200 3935 Ἰούδας·
1213 3867 1321 3930 εύκοπιίν
1337 3871 1394 3929 ἐστι
1408 3874 1613 3948 συγκλασθῆναι

283 3983 389 4029 conen·
410 3975 434 4018 et
455 3981 512 4017 non
534 3973 572 4016 est
591 3967 744 4029 differentia
766 3967 798 4015 in
823 3980 887 4015 eon·
934 3955 1048 4024 nolluit<
1068 3958 1096 4014 ἐν
1109 3956 1200 4037 χερσίν
1222 3957 1329 4036 ὀλίγων,
1346 3959 1392 4019 καί
1417 3963 1462 4019 οὐκ
1484 3963 1541 4021 ἔστι
1556 3961 1612 4018 δια-

285 4065 375 4123 νριοιιι
389 4057 437 4106 Dei
452 4055 518 4105 coeli
538 4054 653 4104 liberare
668 4055 699 4103 in
713 4053 805 4104 multis
819 4061 843 4103 et
857 4055 889 4103 in
934 4043 1001 4126 ρορίι
1015 4045 1131 4104 ἐναντίον
1149 4052 1194 4104 τοῦ
1209 4048 1278 4107 Θεοῦ
1293 4053 1338 4106 τοῦ
1354 4049 1464 4128 ούρανοῦ
1480 4049 1572 4118 σώζειν
1587 4050 1614 4108 ἐν

282 4147 392 4211 pontiu
411 4144 452 4196 19.
467 4144 596 4206 quonium
604 4156 660 4192 non
672 4144 702 4192 in
715 4142 888 4193 multitudine
934 4134 1040 4200 πολλοῖς
1058 4131 1076 4205 ἢ
1092 4135 1118 4193 ἐν
1141 4135 1249 4213 ὀλίγοις,
1268 4140 1316 4197 19.
1339 4133 1381 4196 δτι
1404 4139 1452 4195 οὐκ
1475 4139 1502 4196 ἐν
1517 4136 1614 4206 πλήθει

281 4236 411 4285 exereitus
423 4233 538 4282 uictoria
552 4230 625 4292 betti,
642 4231 730 4282 redde
745 4231 814 4282 coelo
830 4233 889 4297 ior·
934 4220 1068 4299 δυνάμεως
1088 4220 1146 4294 νίκη
1166 4224 1284 4300 πολέμου
1305 4225 1385 4298 ἐστίν,
1409 4227 1468 4284 ἀλλ’
1484 4224 1501 4296 ἢ
1516 4227 1546 4284 ἔκ
1566 4230 1612 4284 τοῦ

281 4325 369 4374 titudo
388 4328 435 4373 est.
458 4319 502 4372 20.
526 4321 584 4385 lptl
604 4323 715 4371 ueniunt
737 4322 772 4370 od
790 4335 839 4371 noe
858 4324 888 4371 in
934 4312 1044 4390 οὐρανοῦ
1069 4315 1085 4381 ἡ
1114 4311 1199 4390 ἰσχύς.
1224 4316 1273 4373 20.
1295 4313 1378 4378 Αύτολ
1402 4312 1523 4392 ἔρχονται
1546 4313 1613 4393 πρὸς

284 4412 456 4464 multitudine
477 4411 626 4460 contumaci
647 4416 671 4460 et
694 4410 837 4475 superbla,
858 4418 887 4460 ut
934 4403 1004 4475 ἡμᾶς
1019 4401 1046 4457 ἐν
1059 4399 1155 4472 πλήθει
1165 4400 1264 4482 ὕὸρεως
1276 4401 1321 4460 καί
1337 4403 1447 4478 ἀνομίας
1460 4407 1506 4460 τοῦ
1520 4399 1612 4481 ἐξᾶραι

281 4504 440 4569 dispertiunt
453 4515 501 4551 nos
516 4508 540 4550 et
551 4513 647 4549 uxores
659 4507 765 4549 nostros
778 4506 802 4550 et
817 4498 887 4564 filios
934 4492 1005 4562 ἡμᾶς
1028 4488 1073 4546 καί
1093 4489 1141 4557 τίς
1164 4499 1289 4568 γυναῖκας
1310 4495 1387 4568 ἡμῶν
1408 4489 1454 4552 καί
1477 4491 1509 4550 τὰ
1531 4489 1610 4551 τέκνα

283 4601 386 4642 nostros
401 4600 425 4641 et
439 4597 469 4640 nt
483 4589 599 4654 spolient
613 4602 678 4649 nos,·
699 4589 741 4639 11.
758 4601 806 4638 πον
825 4602 886 4638 nero
933 4581 1020 4652 ἡμῶν,
1034 4583 1080 4637 τοῦ
1100 4581 1242 4638 σκυλεῦσαι
1259 4585 1338 4654 ἡμᾶς·
1359 4583 1409 4641 ll.
1428 4585 1503 4658 ἡμεῖς
1517 4579 1545 4642 δί
1563 4605 1609 4640 πο-

280 4681 460 4744 ραρποοίιαιιι
473 4693 523 4743 pro
540 4678 683 4729 animatus
695 4679 795 4727 nostris
810 4683 834 4726 et
847 4675 886 4725 le·
933 4668 1064 4744 λεμοῢμιν
1089 4669 1149 4749 περί
1181 4673 1232 4726 τῶν
1258 4671 1350 4750 ψυχῶν
1380 4673 1456 4744 ἡμῶν
1487 4670 1533 4729 καλ
1556 4673 1607 4729 τῶν

281 4769 357 4833 μίλιον
376 4754 492 4827 ποιινίσ;
509 4767 552 4819 11.
572 4774 595 4816 ιι
610 4768 667 4831 ipse
682 4767 808 4816 Dominus
822 4778 887 4815 ton·
933 4757 1052 4834 νομίμων
1071 4759 1159 4833 ἡμῶν·
1184 4759 1233 4816 2⁹2.
1254 4759 1299 4816 καί
1315 4757 1391 4825 αὐτὸς
1408 4759 1543 4842 συντρίψει
1558 4761 1605 4818 αὐἈ
