<?xml version="1.0" encoding="UTF-8"?>
<!DOCTYPE html PUBLIC "-//W3C//DTD XHTML 1.0 Transitional//EN"
    "http://www.w3.org/TR/xhtml1/DTD/xhtml1-transitional.dtd">
<html xmlns="http://www.w3.org/1999/xhtml" xml:lang="en" lang="en">
 <head>
  <title>
</title>
<meta http-equiv="Content-Type" content="text/html;charset=utf-8" />
  <meta name='ocr-system' content='tesseract 3.04.00' />
  <meta name='ocr-capabilities' content='ocr_page ocr_carea ocr_par ocr_line ocrx_word'/>
</head>
<body>
  <div class='ocr_page' id='page_1' title='image "./commentariusind00knabgoog/commentariusind00knabgoog_0208.png"; bbox 0 0 3625 5367; ppageno 0'>
   <div class='ocr_carea' id='block_1_1' title="bbox 250 523 1582 3362">
    <p class='ocr_par' dir='ltr' id='par_1_1' title="bbox 251 523 1582 1670">
     <span class='ocr_line' id='line_1_1' title="bbox 288 523 1582 605; baseline -0.004 -14"><span class='ocrx_word' id='word_1_1' title='bbox 288 541 313 591; x_wconf 82' lang='lat' dir='ltr'>l.</span> <span class='ocrx_word' id='word_1_2' title='bbox 330 543 362 590; x_wconf 84' lang='lat' dir='ltr'>El</span> <span class='ocrx_word' id='word_1_3' title='bbox 381 548 410 591; x_wconf 89' lang='lat' dir='ltr'><strong><em>ut</em></strong></span> <span class='ocrx_word' id='word_1_4' title='bbox 432 541 609 605; x_wconf 72' lang='lat' dir='ltr'><strong><em>appropiavit</em></strong></span> <span class='ocrx_word' id='word_1_5' title='bbox 627 541 720 597; x_wconf 70' lang='lat' dir='ltr'><strong><em>Arato,</em></strong></span> <span class='ocrx_word' id='word_1_6' title='bbox 735 539 857 588; x_wconf 85' lang='lat' dir='ltr'><strong><em>ostende·</em></strong></span> <span class='ocrx_word' id='word_1_7' title='bbox 944 529 974 585; x_wconf 76' lang='grc'>1.</span> <span class='ocrx_word' id='word_1_8' title='bbox 990 523 1040 594; x_wconf 81' lang='grc' dir='ltr'>Ὣς</span> <span class='ocrx_word' id='word_1_9' title='bbox 1066 525 1093 584; x_wconf 84' lang='grc' dir='ltr'>δέ</span> <span class='ocrx_word' id='word_1_10' title='bbox 1116 525 1225 604; x_wconf 79' lang='grc' dir='ltr'>ἤγγισεν</span> <span class='ocrx_word' id='word_1_11' title='bbox 1251 524 1383 602; x_wconf 82' lang='grc' dir='ltr'>Ἀζώτου,</span> <span class='ocrx_word' id='word_1_12' title='bbox 1407 525 1507 595; x_wconf 81' lang='grc' dir='ltr'>ἐδειξαν</span> <span class='ocrx_word' id='word_1_13' title='bbox 1530 529 1582 586; x_wconf 86' lang='grc' dir='ltr'>αὖ·</span> 
     </span>
     <span class='ocr_line' id='line_1_2' title="bbox 252 612 1582 696; baseline -0.005 -16"><span class='ocrx_word' id='word_1_14' title='bbox 252 637 316 680; x_wconf 85' lang='lat' dir='ltr'><strong><em>runt</em></strong></span> <span class='ocrx_word' id='word_1_15' title='bbox 330 631 355 678; x_wconf 89' lang='lat' dir='ltr'>ei</span> <span class='ocrx_word' id='word_1_16' title='bbox 368 628 495 693; x_wconf 86' lang='lat' dir='ltr'><strong><em>templum</em></strong></span> <span class='ocrx_word' id='word_1_17' title='bbox 508 630 602 691; x_wconf 74' lang='lat' dir='ltr'><strong><em>Daoon</em></strong></span> <span class='ocrx_word' id='word_1_18' title='bbox 620 637 773 678; x_wconf 82' lang='lat' dir='ltr'><strong><em>succensum</em></strong></span> <span class='ocrx_word' id='word_1_19' title='bbox 784 629 855 690; x_wconf 74' lang='lat' dir='ltr'><strong><em>iqui,</em></strong></span> <span class='ocrx_word' id='word_1_20' title='bbox 902 617 940 694; x_wconf 82' lang='grc' dir='ltr'>τῷ</span> <span class='ocrx_word' id='word_1_21' title='bbox 952 615 982 672; x_wconf 85' lang='grc' dir='ltr'>τὸ</span> <span class='ocrx_word' id='word_1_22' title='bbox 996 614 1065 693; x_wconf 78' lang='grc' dir='ltr'>ἱερὸν</span> <span class='ocrx_word' id='word_1_23' title='bbox 1080 613 1174 692; x_wconf 76' lang='grc' dir='ltr'>Δαγὼν</span> <span class='ocrx_word' id='word_1_24' title='bbox 1190 615 1419 696; x_wconf 82' lang='grc' dir='ltr'>ἐμπεπυρισμένον</span> <span class='ocrx_word' id='word_1_25' title='bbox 1434 615 1479 674; x_wconf 85' lang='grc' dir='ltr'>καὶ</span> <span class='ocrx_word' id='word_1_26' title='bbox 1493 612 1582 686; x_wconf 77' lang='grc' dir='ltr'>Ἀζω-</span> 
     </span>
     <span class='ocr_line' id='line_1_3' title="bbox 252 701 1580 784; baseline -0.002 -18"><span class='ocrx_word' id='word_1_27' title='bbox 252 719 609 768; x_wconf 76' lang='lat' dir='ltr'><strong><em>etdaotumetceteraeius</em></strong></span> <span class='ocrx_word' id='word_1_28' title='bbox 622 715 857 767; x_wconf 87' lang='lat' dir='ltr'><strong><em>demolitaetcor-</em></strong></span> <span class='ocrx_word' id='word_1_29' title='bbox 902 725 946 761; x_wconf 87' lang='grc' dir='ltr'>τον</span> <span class='ocrx_word' id='word_1_30' title='bbox 975 701 1021 762; x_wconf 81' lang='grc' dir='ltr'>καί</span> <span class='ocrx_word' id='word_1_31' title='bbox 1053 703 1086 762; x_wconf 79' lang='grc' dir='ltr'>τά</span> <span class='ocrx_word' id='word_1_32' title='bbox 1120 705 1262 782; x_wconf 87' lang='grc' dir='ltr'>περιπόλια</span> <span class='ocrx_word' id='word_1_33' title='bbox 1297 706 1377 775; x_wconf 79' lang='grc' dir='ltr'>αὐτῆς</span> <span class='ocrx_word' id='word_1_34' title='bbox 1408 703 1580 784; x_wconf 83' lang='grc' dir='ltr'>καθηρημένα</span> 
     </span>
     <span class='ocr_line' id='line_1_4' title="bbox 251 789 1580 872; baseline -0.003 -16"><span class='ocrx_word' id='word_1_35' title='bbox 251 807 858 872; x_wconf 83' lang='lat' dir='ltr'><strong><em>poraproiectaeteorumquieaesierantin</em></strong></span> <span class='ocrx_word' id='word_1_36' title='bbox 902 791 948 850; x_wconf 85' lang='grc' dir='ltr'>καί</span> <span class='ocrx_word' id='word_1_37' title='bbox 970 791 1004 850; x_wconf 68' lang='lat' dir='ltr'><strong><em>el</em></strong></span> <span class='ocrx_word' id='word_1_38' title='bbox 1035 789 1148 869; x_wconf 89' lang='grc' dir='ltr'>σώματα</span> <span class='ocrx_word' id='word_1_39' title='bbox 1175 793 1322 871; x_wconf 87' lang='grc' dir='ltr'>ἐρριμμένα</span> <span class='ocrx_word' id='word_1_40' title='bbox 1346 791 1391 852; x_wconf 81' lang='grc' dir='ltr'>καί</span> <span class='ocrx_word' id='word_1_41' title='bbox 1414 793 1472 860; x_wconf 79' lang='grc' dir='ltr'>τούς</span> <span class='ocrx_word' id='word_1_42' title='bbox 1496 797 1580 869; x_wconf 87' lang='grc' dir='ltr'>ἐμπε·</span> 
     </span>
     <span class='ocr_line' id='line_1_5' title="bbox 254 879 1579 963; baseline -0.005 -17"><span class='ocrx_word' id='word_1_43' title='bbox 254 895 323 946; x_wconf 80' lang='lat' dir='ltr'><strong><em>bello</em></strong></span> <span class='ocrx_word' id='word_1_44' title='bbox 337 895 460 956; x_wconf 87' lang='lat' dir='ltr'><strong><em>tumulos,</em></strong></span> <span class='ocrx_word' id='word_1_45' title='bbox 477 909 542 957; x_wconf 78' lang='lat' dir='ltr'><strong><em>quos</em></strong></span> <span class='ocrx_word' id='word_1_46' title='bbox 553 894 672 958; x_wconf 73' lang='lat' dir='ltr'><strong><em>fecerant</em></strong></span> <span class='ocrx_word' id='word_1_47' title='bbox 686 895 856 953; x_wconf 68' lang='grc' dir='ltr'>εεειιευίοιιις</span> <span class='ocrx_word' id='word_1_48' title='bbox 903 879 1080 961; x_wconf 85' lang='grc' dir='ltr'>πυρισμένους</span> <span class='ocrx_word' id='word_1_49' title='bbox 1100 879 1144 948; x_wconf 84' lang='grc' dir='ltr'>οθς</span> <span class='ocrx_word' id='word_1_50' title='bbox 1164 881 1315 959; x_wconf 80' lang='grc' dir='ltr'>ἐνεπύρισεν</span> <span class='ocrx_word' id='word_1_51' title='bbox 1341 884 1367 940; x_wconf 92' lang='grc' dir='ltr'>ἐν</span> <span class='ocrx_word' id='word_1_52' title='bbox 1394 885 1433 962; x_wconf 80' lang='grc' dir='ltr'>τῷ</span> <span class='ocrx_word' id='word_1_53' title='bbox 1457 882 1579 963; x_wconf 83' lang='grc' dir='ltr'>πολέμῳ,</span> 
     </span>
     <span class='ocr_line' id='line_1_6' title="bbox 253 969 1582 1052; baseline -0.004 -18"><span class='ocrx_word' id='word_1_54' title='bbox 253 987 278 1034; x_wconf 86' lang='grc'>5.</span> <span class='ocrx_word' id='word_1_55' title='bbox 295 991 320 1033; x_wconf 90' lang='lat' dir='ltr'>et</span> <span class='ocrx_word' id='word_1_56' title='bbox 338 989 523 1034; x_wconf 83' lang='lat' dir='ltr'><strong><em>narraverunt</em></strong></span> <span class='ocrx_word' id='word_1_57' title='bbox 541 985 599 1045; x_wconf 81' lang='lat' dir='ltr'><strong><em>rapi</em></strong></span> <span class='ocrx_word' id='word_1_58' title='bbox 623 984 688 1044; x_wconf 85' lang='lat' dir='ltr'><strong><em>quia</em></strong></span> <span class='ocrx_word' id='word_1_59' title='bbox 709 973 772 1032; x_wconf 81' lang='lat' dir='ltr'><strong><em>haec</em></strong></span> <span class='ocrx_word' id='word_1_60' title='bbox 794 981 857 1046; x_wconf 71' lang='lat' dir='ltr'><strong><em>fecit</em></strong></span> <span class='ocrx_word' id='word_1_61' title='bbox 902 971 1032 1040; x_wconf 85' lang='grc' dir='ltr'>ἐποίησαν</span> <span class='ocrx_word' id='word_1_62' title='bbox 1057 969 1109 1048; x_wconf 77' lang='grc' dir='ltr'>γάρ</span> <span class='ocrx_word' id='word_1_63' title='bbox 1137 969 1273 1047; x_wconf 85' lang='grc' dir='ltr'>θημοινίας</span> <span class='ocrx_word' id='word_1_64' title='bbox 1301 972 1387 1029; x_wconf 84' lang='grc' dir='ltr'>αὐτῶν</span> <span class='ocrx_word' id='word_1_65' title='bbox 1414 973 1440 1028; x_wconf 92' lang='grc' dir='ltr'>ἐν</span> <span class='ocrx_word' id='word_1_66' title='bbox 1467 975 1501 1050; x_wconf 73' lang='grc' dir='ltr'>τῇ</span> <span class='ocrx_word' id='word_1_67' title='bbox 1529 971 1582 1052; x_wconf 79' lang='grc' dir='ltr'>ὁδῷ</span> 
     </span>
     <span class='ocr_line' id='line_1_7' title="bbox 254 1057 1582 1140; baseline -0.003 -19"><span class='ocrx_word' id='word_1_68' title='bbox 254 1073 390 1133; x_wconf 75' lang='lat' dir='ltr'><strong><em>donaticas,</em></strong></span> <span class='ocrx_word' id='word_1_69' title='bbox 401 1079 430 1120; x_wconf 86' lang='lat' dir='ltr'><strong><em>ut</em></strong></span> <span class='ocrx_word' id='word_1_70' title='bbox 439 1074 574 1122; x_wconf 87' lang='lat' dir='ltr'><strong><em>invidiam</em></strong></span> <span class='ocrx_word' id='word_1_71' title='bbox 589 1071 707 1136; x_wconf 71' lang='lat' dir='ltr'><strong><em>facerent</em></strong></span> <span class='ocrx_word' id='word_1_72' title='bbox 718 1073 744 1121; x_wconf 91' lang='lat' dir='ltr'>ei</span> <span class='ocrx_word' id='word_1_73' title='bbox 751 1085 760 1130; x_wconf 89' lang='grc'>,·</span> <span class='ocrx_word' id='word_1_74' title='bbox 775 1078 799 1120; x_wconf 88' lang='lat' dir='ltr'><strong><em>el</em></strong></span> <span class='ocrx_word' id='word_1_75' title='bbox 818 1078 857 1120; x_wconf 88' lang='lat' dir='ltr'>ta·</span> <span class='ocrx_word' id='word_1_76' title='bbox 902 1060 994 1118; x_wconf 84' lang='grc' dir='ltr'>αὗτοῦ.</span> <span class='ocrx_word' id='word_1_77' title='bbox 1027 1061 1055 1119; x_wconf 79' lang='lat'>5·</span> <span class='ocrx_word' id='word_1_78' title='bbox 1078 1057 1133 1118; x_wconf 81' lang='grc' dir='ltr'>Καὶ</span> <span class='ocrx_word' id='word_1_79' title='bbox 1164 1058 1329 1136; x_wconf 80' lang='grc' dir='ltr'>διηγήσαντο</span> <span class='ocrx_word' id='word_1_80' title='bbox 1358 1061 1396 1140; x_wconf 82' lang='grc' dir='ltr'>τῷ</span> <span class='ocrx_word' id='word_1_81' title='bbox 1427 1061 1534 1138; x_wconf 87' lang='grc' dir='ltr'>βασιλεῖ</span> <span class='ocrx_word' id='word_1_82' title='bbox 1563 1061 1582 1118; x_wconf 81' lang='grc' dir='ltr'>ἃ</span> 
     </span>
     <span class='ocr_line' id='line_1_8' title="bbox 252 1143 1579 1228; baseline -0.005 -17"><span class='ocrx_word' id='word_1_83' title='bbox 252 1163 307 1211; x_wconf 86' lang='lat' dir='ltr'><strong><em>cuit</em></strong></span> <span class='ocrx_word' id='word_1_84' title='bbox 321 1175 377 1211; x_wconf 79' lang='lat' dir='ltr'><strong><em>rec.</em></strong></span> <span class='ocrx_word' id='word_1_85' title='bbox 395 1161 421 1210; x_wconf 85' lang='grc'>6.</span> <span class='ocrx_word' id='word_1_86' title='bbox 438 1162 471 1211; x_wconf 82' lang='lat' dir='ltr'><strong><em>Et</em></strong></span> <span class='ocrx_word' id='word_1_87' title='bbox 482 1162 598 1211; x_wconf 87' lang='lat' dir='ltr'><strong><em>occurrit</em></strong></span> <span class='ocrx_word' id='word_1_88' title='bbox 613 1161 742 1210; x_wconf 79' lang='lat' dir='ltr'><strong><em>ionatltas</em></strong></span> <span class='ocrx_word' id='word_1_89' title='bbox 753 1161 812 1223; x_wconf 66' lang='lat' dir='ltr'><strong><em>reni</em></strong></span> <span class='ocrx_word' id='word_1_90' title='bbox 825 1162 858 1209; x_wconf 90' lang='lat' dir='ltr'><strong><em>in</em></strong></span> <span class='ocrx_word' id='word_1_91' title='bbox 902 1143 1025 1218; x_wconf 85' lang='grc' dir='ltr'>ἐποίησεν</span> <span class='ocrx_word' id='word_1_92' title='bbox 1056 1146 1183 1206; x_wconf 85' lang='grc' dir='ltr'>Ἰωνάθαν</span> <span class='ocrx_word' id='word_1_93' title='bbox 1215 1149 1251 1214; x_wconf 88' lang='grc' dir='ltr'>είς</span> <span class='ocrx_word' id='word_1_94' title='bbox 1281 1147 1310 1207; x_wconf 80' lang='grc' dir='ltr'>τό</span> <span class='ocrx_word' id='word_1_95' title='bbox 1342 1149 1459 1228; x_wconf 80' lang='grc' dir='ltr'>ψογήσαι</span> <span class='ocrx_word' id='word_1_96' title='bbox 1490 1149 1579 1207; x_wconf 78' lang='grc' dir='ltr'>αὐτόν·</span> 
     </span>
     <span class='ocr_line' id='line_1_9' title="bbox 251 1235 1581 1316; baseline -0.004 -17"><span class='ocrx_word' id='word_1_97' title='bbox 251 1251 352 1316; x_wconf 84' lang='lat' dir='ltr'><strong><em>ioppen</em></strong></span> <span class='ocrx_word' id='word_1_98' title='bbox 366 1265 424 1299; x_wconf 92' lang='lat' dir='ltr'>cum</span> <span class='ocrx_word' id='word_1_99' title='bbox 438 1249 539 1312; x_wconf 76' lang='lat' dir='ltr'><strong><em>pieria,</em></strong></span> <span class='ocrx_word' id='word_1_100' title='bbox 555 1257 580 1298; x_wconf 89' lang='lat' dir='ltr'>et</span> <span class='ocrx_word' id='word_1_101' title='bbox 595 1250 711 1298; x_wconf 81' lang='lat' dir='ltr'><strong><em>indicem</em></strong></span> <span class='ocrx_word' id='word_1_102' title='bbox 729 1262 755 1298; x_wconf 83' lang='lat' dir='ltr'><strong><em>se</em></strong></span> <span class='ocrx_word' id='word_1_103' title='bbox 778 1247 856 1297; x_wconf 82' lang='lat' dir='ltr'><strong><em>calu·</em></strong></span> <span class='ocrx_word' id='word_1_104' title='bbox 902 1236 949 1294; x_wconf 87' lang='grc' dir='ltr'>καὶ</span> <span class='ocrx_word' id='word_1_105' title='bbox 967 1236 1089 1313; x_wconf 88' lang='grc' dir='ltr'>ἐσίγησεν</span> <span class='ocrx_word' id='word_1_106' title='bbox 1107 1239 1121 1294; x_wconf 84' lang='grc' dir='ltr'>ὁ</span> <span class='ocrx_word' id='word_1_107' title='bbox 1143 1236 1277 1314; x_wconf 88' lang='grc' dir='ltr'>βασιλεύς.</span> <span class='ocrx_word' id='word_1_108' title='bbox 1299 1238 1328 1296; x_wconf 91' lang='grc'>6.</span> <span class='ocrx_word' id='word_1_109' title='bbox 1346 1237 1399 1296; x_wconf 81' lang='grc' dir='ltr'>Καὶ</span> <span class='ocrx_word' id='word_1_110' title='bbox 1421 1235 1581 1309; x_wconf 73' lang='grc' dir='ltr'>συνήντησεν</span> 
     </span>
     <span class='ocr_line' id='line_1_10' title="bbox 252 1323 1578 1404; baseline -0.001 -18"><span class='ocrx_word' id='word_1_111' title='bbox 252 1345 376 1388; x_wconf 84' lang='lat' dir='ltr'><strong><em>taverunt</em></strong></span> <span class='ocrx_word' id='word_1_112' title='bbox 392 1345 415 1386; x_wconf 86' lang='grc' dir='ltr'>ει</span> <span class='ocrx_word' id='word_1_113' title='bbox 431 1339 599 1388; x_wconf 86' lang='lat' dir='ltr'><strong><em>dormierunt</em></strong></span> <span class='ocrx_word' id='word_1_114' title='bbox 614 1337 684 1387; x_wconf 86' lang='lat' dir='ltr'><strong><em>illie.</em></strong></span> <span class='ocrx_word' id='word_1_115' title='bbox 697 1337 724 1386; x_wconf 88' lang='lat'>7.</span> <span class='ocrx_word' id='word_1_116' title='bbox 739 1337 772 1386; x_wconf 79' lang='lat' dir='ltr'><strong><em>Et</em></strong></span> <span class='ocrx_word' id='word_1_117' title='bbox 788 1337 857 1385; x_wconf 85' lang='lat' dir='ltr'><strong><em>abiit</em></strong></span> <span class='ocrx_word' id='word_1_118' title='bbox 902 1323 1029 1384; x_wconf 83' lang='grc' dir='ltr'>Ἰιυνάθαν</span> <span class='ocrx_word' id='word_1_119' title='bbox 1041 1328 1079 1403; x_wconf 82' lang='grc' dir='ltr'>τῷ</span> <span class='ocrx_word' id='word_1_120' title='bbox 1095 1327 1202 1404; x_wconf 83' lang='grc' dir='ltr'>βασιλεῖ</span> <span class='ocrx_word' id='word_1_121' title='bbox 1219 1327 1254 1391; x_wconf 87' lang='grc' dir='ltr'>είς</span> <span class='ocrx_word' id='word_1_122' title='bbox 1274 1324 1388 1396; x_wconf 88' lang='grc' dir='ltr'>’ίόππην</span> <span class='ocrx_word' id='word_1_123' title='bbox 1407 1326 1475 1401; x_wconf 75' lang='grc' dir='ltr'>μετὰ</span> <span class='ocrx_word' id='word_1_124' title='bbox 1492 1325 1578 1399; x_wconf 79' lang='grc' dir='ltr'>δόξης,</span> 
     </span>
     <span class='ocr_line' id='line_1_11' title="bbox 252 1413 1580 1492; baseline -0.003 -16"><span class='ocrx_word' id='word_1_125' title='bbox 252 1428 450 1477; x_wconf 76' lang='lat' dir='ltr'><strong><em>lonatnascum</em></strong></span> <span class='ocrx_word' id='word_1_126' title='bbox 464 1440 524 1488; x_wconf 80' lang='lat' dir='ltr'><strong><em>repe</em></strong></span> <span class='ocrx_word' id='word_1_127' title='bbox 540 1426 671 1488; x_wconf 83' lang='lat' dir='ltr'><strong><em>usquead</em></strong></span> <span class='ocrx_word' id='word_1_128' title='bbox 685 1426 857 1488; x_wconf 66' lang='lat' dir='ltr'><strong><em>fluviumque·</em></strong></span> <span class='ocrx_word' id='word_1_129' title='bbox 902 1413 948 1470; x_wconf 88' lang='grc' dir='ltr'>καί</span> <span class='ocrx_word' id='word_1_130' title='bbox 980 1413 1136 1484; x_wconf 77' lang='grc' dir='ltr'>ἠσπάσαντο</span> <span class='ocrx_word' id='word_1_131' title='bbox 1164 1415 1295 1486; x_wconf 88' lang='grc' dir='ltr'>ἀλλήλους</span> <span class='ocrx_word' id='word_1_132' title='bbox 1325 1415 1371 1473; x_wconf 85' lang='grc' dir='ltr'>καί</span> <span class='ocrx_word' id='word_1_133' title='bbox 1399 1417 1580 1492; x_wconf 84' lang='grc' dir='ltr'>ἐκοιμήθησαν</span> 
     </span>
     <span class='ocr_line' id='line_1_12' title="bbox 252 1502 1579 1585; baseline -0.002 -20"><span class='ocrx_word' id='word_1_134' title='bbox 252 1522 362 1566; x_wconf 83' lang='lat' dir='ltr'><strong><em>vocatur</em></strong></span> <span class='ocrx_word' id='word_1_135' title='bbox 376 1513 544 1574; x_wconf 79' lang='lat' dir='ltr'><strong><em>Eleutherus,</em></strong></span> <span class='ocrx_word' id='word_1_136' title='bbox 571 1521 595 1562; x_wconf 88' lang='lat' dir='ltr'>et</span> <span class='ocrx_word' id='word_1_137' title='bbox 619 1527 743 1564; x_wconf 84' lang='lat' dir='ltr'><strong><em>reversus</em></strong></span> <span class='ocrx_word' id='word_1_138' title='bbox 769 1516 857 1563; x_wconf 89' lang='lat' dir='ltr'><strong><em>estin</em></strong></span> <span class='ocrx_word' id='word_1_139' title='bbox 902 1504 965 1560; x_wconf 86' lang='grc' dir='ltr'>ἐκεῖ.</span> <span class='ocrx_word' id='word_1_140' title='bbox 993 1505 1021 1562; x_wconf 82' lang='lat'>7.</span> <span class='ocrx_word' id='word_1_141' title='bbox 1041 1503 1097 1564; x_wconf 83' lang='grc' dir='ltr'>Καί</span> <span class='ocrx_word' id='word_1_142' title='bbox 1126 1502 1256 1585; x_wconf 84' lang='grc' dir='ltr'>ἐπορεύθη</span> <span class='ocrx_word' id='word_1_143' title='bbox 1280 1503 1406 1564; x_wconf 83' lang='grc' dir='ltr'>’ίοινάθαν</span> <span class='ocrx_word' id='word_1_144' title='bbox 1434 1505 1503 1581; x_wconf 77' lang='grc' dir='ltr'>μετὰ</span> <span class='ocrx_word' id='word_1_145' title='bbox 1534 1509 1579 1564; x_wconf 82' lang='grc' dir='ltr'>τοῦ</span> 
     </span>
     <span class='ocr_line' id='line_1_13' title="bbox 252 1589 1579 1670; baseline -0.002 -16"><span class='ocrx_word' id='word_1_146' title='bbox 252 1603 410 1656; x_wconf 78' lang='lat' dir='ltr'><strong><em>Ierusalem.</em></strong></span> <span class='ocrx_word' id='word_1_147' title='bbox 903 1589 1034 1668; x_wconf 84' lang='grc' dir='ltr'>βασιλέως</span> <span class='ocrx_word' id='word_1_148' title='bbox 1057 1591 1107 1659; x_wconf 77' lang='lat' dir='ltr'><strong><em>iot&lt;</em></strong></span> <span class='ocrx_word' id='word_1_149' title='bbox 1128 1597 1175 1652; x_wconf 79' lang='grc' dir='ltr'>τοῦ</span> <span class='ocrx_word' id='word_1_150' title='bbox 1198 1599 1321 1668; x_wconf 75' lang='grc' dir='ltr'>ποταμοῦ</span> <span class='ocrx_word' id='word_1_151' title='bbox 1345 1597 1392 1652; x_wconf 77' lang='grc' dir='ltr'>τοῦ</span> <span class='ocrx_word' id='word_1_152' title='bbox 1415 1593 1579 1670; x_wconf 76' lang='grc' dir='ltr'>καλουμένου</span> 
     </span>
    </p>

    <p class='ocr_par' dir='ltr' id='par_1_2' title="bbox 903 1677 1577 1763">
     <span class='ocr_line' id='line_1_14' title="bbox 903 1677 1577 1763; baseline 0.003 -23"><span class='ocrx_word' id='word_1_153' title='bbox 903 1677 1071 1758; x_wconf 88' lang='grc' dir='ltr'>Ἐλευθέρου,</span> <span class='ocrx_word' id='word_1_154' title='bbox 1088 1680 1134 1739; x_wconf 84' lang='grc' dir='ltr'>καλ</span> <span class='ocrx_word' id='word_1_155' title='bbox 1153 1681 1313 1759; x_wconf 80' lang='grc' dir='ltr'>ἐπέστρεψεν</span> <span class='ocrx_word' id='word_1_156' title='bbox 1333 1683 1369 1749; x_wconf 82' lang='grc' dir='ltr'>εἰς</span> <span class='ocrx_word' id='word_1_157' title='bbox 1390 1681 1577 1763; x_wconf 83' lang='grc' dir='ltr'>Ἰερουσαλήμ.</span> 
     </span>
    </p>

    <p class='ocr_par' dir='ltr' id='par_1_3' title="bbox 250 1767 1580 3362">
     <span class='ocr_line' id='line_1_15' title="bbox 287 1767 1578 1850; baseline -0.002 -18"><span class='ocrx_word' id='word_1_158' title='bbox 287 1783 314 1832; x_wconf 86' lang='grc'>8.</span> <span class='ocrx_word' id='word_1_159' title='bbox 334 1783 388 1831; x_wconf 78' lang='lat' dir='ltr'>Rea</span> <span class='ocrx_word' id='word_1_160' title='bbox 421 1789 509 1832; x_wconf 90' lang='lat' dir='ltr'><strong><em>autem</em></strong></span> <span class='ocrx_word' id='word_1_161' title='bbox 539 1781 705 1832; x_wconf 73' lang='lat' dir='ltr'><strong><em>Ptolemaeus</em></strong></span> <span class='ocrx_word' id='word_1_162' title='bbox 738 1780 856 1830; x_wconf 74' lang='lat' dir='ltr'>obtinuit</span> <span class='ocrx_word' id='word_1_163' title='bbox 942 1771 970 1830; x_wconf 84' lang='lat'>8.</span> <span class='ocrx_word' id='word_1_164' title='bbox 995 1767 1029 1830; x_wconf 84' lang='lat'>‘0</span> <span class='ocrx_word' id='word_1_165' title='bbox 1051 1769 1078 1828; x_wconf 77' lang='grc' dir='ltr'>δέ</span> <span class='ocrx_word' id='word_1_166' title='bbox 1101 1769 1225 1848; x_wconf 76' lang='grc' dir='ltr'>βασιλεὺς</span> <span class='ocrx_word' id='word_1_167' title='bbox 1255 1771 1422 1845; x_wconf 84' lang='grc' dir='ltr'>Πτολεμαῖος</span> <span class='ocrx_word' id='word_1_168' title='bbox 1444 1771 1578 1850; x_wconf 72' lang='grc' dir='ltr'>ἐκυρίευσε</span> 
     </span>
     <span class='ocr_line' id='line_1_16' title="bbox 252 1857 1580 1938; baseline -0.002 -19"><span class='ocrx_word' id='word_1_169' title='bbox 252 1871 400 1919; x_wconf 88' lang='lat' dir='ltr'><strong><em>dominium</em></strong></span> <span class='ocrx_word' id='word_1_170' title='bbox 428 1872 569 1920; x_wconf 82' lang='lat' dir='ltr'><strong><em>civitatum</em></strong></span> <span class='ocrx_word' id='word_1_171' title='bbox 596 1883 679 1933; x_wconf 80' lang='lat' dir='ltr'><strong><em>usque</em></strong></span> <span class='ocrx_word' id='word_1_172' title='bbox 708 1871 857 1920; x_wconf 79' lang='lat' dir='ltr'><strong><em>Seleuciam</em></strong></span> <span class='ocrx_word' id='word_1_173' title='bbox 901 1859 954 1916; x_wconf 83' lang='grc' dir='ltr'>τῶν</span> <span class='ocrx_word' id='word_1_174' title='bbox 984 1857 1087 1918; x_wconf 77' lang='grc' dir='ltr'>πολεων</span> <span class='ocrx_word' id='word_1_175' title='bbox 1113 1862 1160 1929; x_wconf 79' lang='grc' dir='ltr'>τῆς</span> <span class='ocrx_word' id='word_1_176' title='bbox 1183 1857 1317 1938; x_wconf 89' lang='grc' dir='ltr'>παραλίας</span> <span class='ocrx_word' id='word_1_177' title='bbox 1345 1859 1393 1926; x_wconf 81' lang='grc' dir='ltr'>ἕως</span> <span class='ocrx_word' id='word_1_178' title='bbox 1423 1860 1580 1927; x_wconf 80' lang='grc' dir='ltr'>Σελευκείας</span> 
     </span>
     <span class='ocr_line' id='line_1_17' title="bbox 251 1945 1578 2026; baseline -0.001 -19"><span class='ocrx_word' id='word_1_179' title='bbox 251 1959 417 2008; x_wconf 82' lang='lat' dir='ltr'><strong><em>maritimam</em></strong></span> <span class='ocrx_word' id='word_1_180' title='bbox 449 1965 473 2007; x_wconf 92' lang='lat' dir='ltr'>et</span> <span class='ocrx_word' id='word_1_181' title='bbox 510 1959 646 2022; x_wconf 77' lang='lat' dir='ltr'><strong><em>copilabat</em></strong></span> <span class='ocrx_word' id='word_1_182' title='bbox 674 1960 706 2007; x_wconf 86' lang='lat' dir='ltr'><strong><em>in</em></strong></span> <span class='ocrx_word' id='word_1_183' title='bbox 736 1958 855 2008; x_wconf 72' lang='lat' dir='ltr'><strong><em>Alexan·</em></strong></span> <span class='ocrx_word' id='word_1_184' title='bbox 902 1949 949 2016; x_wconf 81' lang='grc' dir='ltr'>τῆς</span> <span class='ocrx_word' id='word_1_185' title='bbox 980 1945 1204 2023; x_wconf 78' lang='grc' dir='ltr'>παραθαλασσίας</span> <span class='ocrx_word' id='word_1_186' title='bbox 1239 1949 1285 2005; x_wconf 88' lang='grc' dir='ltr'>καὶ</span> <span class='ocrx_word' id='word_1_187' title='bbox 1328 1947 1484 2025; x_wconf 79' lang='grc' dir='ltr'>διελογίζετο</span> <span class='ocrx_word' id='word_1_188' title='bbox 1518 1953 1578 2026; x_wconf 85' lang='grc' dir='ltr'>περὶ</span> 
     </span>
     <span class='ocr_line' id='line_1_18' title="bbox 252 2032 1579 2115; baseline -0.001 -19"><span class='ocrx_word' id='word_1_189' title='bbox 252 2048 329 2096; x_wconf 88' lang='lat' dir='ltr'><strong><em>drum</em></strong></span> <span class='ocrx_word' id='word_1_190' title='bbox 352 2046 468 2096; x_wconf 86' lang='lat' dir='ltr'><strong><em>consilia</em></strong></span> <span class='ocrx_word' id='word_1_191' title='bbox 489 2047 580 2105; x_wconf 88' lang='lat' dir='ltr'><strong><em>mala,·</em></strong></span> <span class='ocrx_word' id='word_1_192' title='bbox 596 2047 622 2096; x_wconf 91' lang='grc'>9,</span> <span class='ocrx_word' id='word_1_193' title='bbox 643 2054 667 2095; x_wconf 85' lang='lat' dir='ltr'>et</span> <span class='ocrx_word' id='word_1_194' title='bbox 686 2047 761 2096; x_wconf 84' lang='lat' dir='ltr'><strong><em>misit</em></strong></span> <span class='ocrx_word' id='word_1_195' title='bbox 785 2047 856 2109; x_wconf 78' lang='lat' dir='ltr'><strong><em>lepa-</em></strong></span> <span class='ocrx_word' id='word_1_196' title='bbox 901 2032 1072 2112; x_wconf 78' lang='grc' dir='ltr'>Ἀλεξάνδρου</span> <span class='ocrx_word' id='word_1_197' title='bbox 1087 2035 1230 2114; x_wconf 83' lang='grc' dir='ltr'>λογισμούς</span> <span class='ocrx_word' id='word_1_198' title='bbox 1246 2035 1386 2115; x_wconf 86' lang='grc' dir='ltr'>πονηρούς.</span> <span class='ocrx_word' id='word_1_199' title='bbox 1403 2041 1437 2098; x_wconf 80' lang='grc'>9.</span> <span class='ocrx_word' id='word_1_200' title='bbox 1449 2037 1501 2097; x_wconf 86' lang='grc' dir='ltr'>Καί</span> <span class='ocrx_word' id='word_1_201' title='bbox 1514 2038 1579 2096; x_wconf 87' lang='grc' dir='ltr'>ἀπέ-</span> 
     </span>
     <span class='ocr_line' id='line_1_19' title="bbox 252 2121 1578 2205; baseline -0.002 -21"><span class='ocrx_word' id='word_1_202' title='bbox 252 2143 291 2185; x_wconf 83' lang='grc' dir='ltr'>ιοσ</span> <span class='ocrx_word' id='word_1_203' title='bbox 313 2136 348 2185; x_wconf 89' lang='lat' dir='ltr'>ad</span> <span class='ocrx_word' id='word_1_204' title='bbox 372 2136 533 2185; x_wconf 83' lang='lat' dir='ltr'><strong><em>Demetrium</em></strong></span> <span class='ocrx_word' id='word_1_205' title='bbox 555 2136 646 2184; x_wconf 84' lang='lat' dir='ltr'><strong><em>diceus</em></strong></span> <span class='ocrx_word' id='word_1_206' title='bbox 666 2150 674 2184; x_wconf 91' lang='lat'>:</span> <span class='ocrx_word' id='word_1_207' title='bbox 691 2137 763 2194; x_wconf 86' lang='lat' dir='ltr'><strong><em>aeni,</em></strong></span> <span class='ocrx_word' id='word_1_208' title='bbox 789 2148 856 2184; x_wconf 89' lang='lat' dir='ltr'><strong><em>eom·</em></strong></span> <span class='ocrx_word' id='word_1_209' title='bbox 902 2123 989 2181; x_wconf 86' lang='grc' dir='ltr'>στιιλε</span> <span class='ocrx_word' id='word_1_210' title='bbox 1003 2121 1129 2201; x_wconf 82' lang='grc' dir='ltr'>πρέσόεις</span> <span class='ocrx_word' id='word_1_211' title='bbox 1147 2123 1214 2203; x_wconf 80' lang='grc' dir='ltr'>πρὸς</span> <span class='ocrx_word' id='word_1_212' title='bbox 1228 2123 1384 2203; x_wconf 85' lang='grc' dir='ltr'>Δημήτριον</span> <span class='ocrx_word' id='word_1_213' title='bbox 1403 2126 1448 2184; x_wconf 81' lang='grc' dir='ltr'>τὸν</span> <span class='ocrx_word' id='word_1_214' title='bbox 1464 2129 1578 2205; x_wconf 78' lang='grc' dir='ltr'>βασιλέα</span> 
     </span>
     <span class='ocr_line' id='line_1_20' title="bbox 251 2211 1579 2293; baseline 0.001 -19"><span class='ocrx_word' id='word_1_215' title='bbox 251 2238 382 2290; x_wconf 82' lang='lat' dir='ltr'><strong><em>ponamus</em></strong></span> <span class='ocrx_word' id='word_1_216' title='bbox 396 2225 469 2273; x_wconf 88' lang='lat' dir='ltr'><strong><em>inter</em></strong></span> <span class='ocrx_word' id='word_1_217' title='bbox 482 2238 530 2273; x_wconf 87' lang='lat' dir='ltr'>nos</span> <span class='ocrx_word' id='word_1_218' title='bbox 550 2230 660 2289; x_wconf 86' lang='lat' dir='ltr'><strong><em>paetum</em></strong></span> <span class='ocrx_word' id='word_1_219' title='bbox 676 2231 701 2272; x_wconf 89' lang='lat' dir='ltr'>et</span> <span class='ocrx_word' id='word_1_220' title='bbox 721 2223 790 2273; x_wconf 80' lang='lat' dir='ltr'><strong><em>dato</em></strong></span> <span class='ocrx_word' id='word_1_221' title='bbox 805 2223 856 2272; x_wconf 84' lang='lat' dir='ltr'><strong><em>tibi</em></strong></span> <span class='ocrx_word' id='word_1_222' title='bbox 901 2211 997 2290; x_wconf 82' lang='grc' dir='ltr'>λέγων·</span> <span class='ocrx_word' id='word_1_223' title='bbox 1014 2213 1090 2292; x_wconf 82' lang='grc' dir='ltr'>δεῦρο</span> <span class='ocrx_word' id='word_1_224' title='bbox 1108 2213 1264 2289; x_wconf 80' lang='grc' dir='ltr'>συνθώμεθα</span> <span class='ocrx_word' id='word_1_225' title='bbox 1279 2215 1343 2293; x_wconf 83' lang='grc' dir='ltr'>πρὸς</span> <span class='ocrx_word' id='word_1_226' title='bbox 1357 2213 1465 2282; x_wconf 85' lang='grc' dir='ltr'>έαυτοίις</span> <span class='ocrx_word' id='word_1_227' title='bbox 1484 2217 1579 2289; x_wconf 87' lang='grc' dir='ltr'>διαθή-</span> 
     </span>
     <span class='ocr_line' id='line_1_21' title="bbox 250 2301 1579 2384; baseline 0 -22"><span class='ocrx_word' id='word_1_228' title='bbox 250 2313 338 2378; x_wconf 74' lang='lat' dir='ltr'><strong><em>filiam</em></strong></span> <span class='ocrx_word' id='word_1_229' title='bbox 351 2327 445 2373; x_wconf 87' lang='lat' dir='ltr'><strong><em>meam,</em></strong></span> <span class='ocrx_word' id='word_1_230' title='bbox 462 2327 542 2378; x_wconf 86' lang='lat' dir='ltr'><strong><em>quam</em></strong></span> <span class='ocrx_word' id='word_1_231' title='bbox 559 2313 639 2362; x_wconf 76' lang='lat' dir='ltr'><strong><em>nabet</em></strong></span> <span class='ocrx_word' id='word_1_232' title='bbox 654 2312 815 2372; x_wconf 69' lang='lat' dir='ltr'><strong><em>Alexander,</em></strong></span> <span class='ocrx_word' id='word_1_233' title='bbox 832 2320 856 2361; x_wconf 90' lang='lat' dir='ltr'>et</span> <span class='ocrx_word' id='word_1_234' title='bbox 901 2322 961 2372; x_wconf 86' lang='grc' dir='ltr'>κην,</span> <span class='ocrx_word' id='word_1_235' title='bbox 976 2301 1021 2358; x_wconf 84' lang='grc' dir='ltr'>καὶ</span> <span class='ocrx_word' id='word_1_236' title='bbox 1034 2302 1112 2360; x_wconf 82' lang='grc' dir='ltr'>δώσω</span> <span class='ocrx_word' id='word_1_237' title='bbox 1130 2324 1172 2360; x_wconf 91' lang='grc' dir='ltr'>σοι</span> <span class='ocrx_word' id='word_1_238' title='bbox 1192 2301 1241 2374; x_wconf 77' lang='grc' dir='ltr'>τήν</span> <span class='ocrx_word' id='word_1_239' title='bbox 1260 2303 1391 2384; x_wconf 82' lang='grc' dir='ltr'>θυγατέρα</span> <span class='ocrx_word' id='word_1_240' title='bbox 1406 2327 1456 2380; x_wconf 85' lang='grc' dir='ltr'>μου</span> <span class='ocrx_word' id='word_1_241' title='bbox 1469 2305 1502 2376; x_wconf 78' lang='grc' dir='ltr'>ἣν</span> <span class='ocrx_word' id='word_1_242' title='bbox 1522 2303 1579 2384; x_wconf 74' lang='grc' dir='ltr'>ἔχει</span> 
     </span>
     <span class='ocr_line' id='line_1_22' title="bbox 251 2387 1578 2471; baseline -0.002 -19"><span class='ocrx_word' id='word_1_243' title='bbox 251 2402 423 2465; x_wconf 79' lang='lat' dir='ltr'><strong><em>repnabisin</em></strong></span> <span class='ocrx_word' id='word_1_244' title='bbox 442 2416 524 2465; x_wconf 80' lang='lat' dir='ltr'><strong><em>repeto</em></strong></span> <span class='ocrx_word' id='word_1_245' title='bbox 547 2403 636 2466; x_wconf 83' lang='lat' dir='ltr'><strong><em>patric</em></strong></span> <span class='ocrx_word' id='word_1_246' title='bbox 651 2399 769 2460; x_wconf 84' lang='lat' dir='ltr'><strong><em>tui,··10.</em></strong></span> <span class='ocrx_word' id='word_1_247' title='bbox 791 2415 856 2465; x_wconf 89' lang='lat' dir='ltr'><strong><em>poe·</em></strong></span> <span class='ocrx_word' id='word_1_248' title='bbox 902 2387 1074 2470; x_wconf 78' lang='grc' dir='ltr'>Ἀλέξανδρος</span> <span class='ocrx_word' id='word_1_249' title='bbox 1100 2389 1147 2450; x_wconf 86' lang='grc' dir='ltr'>καί</span> <span class='ocrx_word' id='word_1_250' title='bbox 1176 2391 1343 2469; x_wconf 79' lang='grc' dir='ltr'>βασιλεύσεις</span> <span class='ocrx_word' id='word_1_251' title='bbox 1370 2396 1417 2464; x_wconf 77' lang='grc' dir='ltr'>τῆς</span> <span class='ocrx_word' id='word_1_252' title='bbox 1442 2395 1578 2471; x_wconf 77' lang='grc' dir='ltr'>βασιλείας</span> 
     </span>
     <span class='ocr_line' id='line_1_23' title="bbox 250 2479 1579 2560; baseline -0.001 -20"><span class='ocrx_word' id='word_1_253' title='bbox 250 2493 318 2541; x_wconf 88' lang='lat' dir='ltr'><strong><em>nitet</em></strong></span> <span class='ocrx_word' id='word_1_254' title='bbox 337 2492 409 2541; x_wconf 89' lang='lat' dir='ltr'><strong><em>enim</em></strong></span> <span class='ocrx_word' id='word_1_255' title='bbox 423 2504 472 2549; x_wconf 89' lang='lat' dir='ltr'><strong><em>me,</em></strong></span> <span class='ocrx_word' id='word_1_256' title='bbox 490 2491 560 2552; x_wconf 84' lang='lat' dir='ltr'><strong><em>quod</em></strong></span> <span class='ocrx_word' id='word_1_257' title='bbox 576 2491 694 2540; x_wconf 80' lang='lat' dir='ltr'><strong><em>dederim</em></strong></span> <span class='ocrx_word' id='word_1_258' title='bbox 709 2489 755 2540; x_wconf 88' lang='lat' dir='ltr'><strong><em>illi</em></strong></span> <span class='ocrx_word' id='word_1_259' title='bbox 768 2490 855 2554; x_wconf 69' lang='lat' dir='ltr'><strong><em>filiam</em></strong></span> <span class='ocrx_word' id='word_1_260' title='bbox 901 2483 947 2536; x_wconf 79' lang='grc' dir='ltr'>τοῦ</span> <span class='ocrx_word' id='word_1_261' title='bbox 961 2479 1061 2558; x_wconf 89' lang='grc' dir='ltr'>πατρός</span> <span class='ocrx_word' id='word_1_262' title='bbox 1075 2500 1132 2538; x_wconf 90' lang='grc' dir='ltr'>σου·</span> <span class='ocrx_word' id='word_1_263' title='bbox 1148 2481 1197 2544; x_wconf 88' lang='grc'>10,</span> <span class='ocrx_word' id='word_1_264' title='bbox 1215 2481 1442 2558; x_wconf 85' lang='grc' dir='ltr'>μεταμεμέλημαι</span> <span class='ocrx_word' id='word_1_265' title='bbox 1455 2481 1506 2560; x_wconf 80' lang='grc' dir='ltr'>γάρ</span> <span class='ocrx_word' id='word_1_266' title='bbox 1521 2479 1579 2549; x_wconf 80' lang='grc' dir='ltr'>δοὺς</span> 
     </span>
     <span class='ocr_line' id='line_1_24' title="bbox 250 2567 1578 2676; baseline 0 -47"><span class='ocrx_word' id='word_1_267' title='bbox 250 2593 351 2640; x_wconf 91' lang='lat' dir='ltr'><strong><em>meam‚·</em></strong></span> <span class='ocrx_word' id='word_1_268' title='bbox 384 2581 519 2643; x_wconf 80' lang='lat' dir='ltr'><strong><em>quaesivit</em></strong></span> <span class='ocrx_word' id='word_1_269' title='bbox 551 2581 623 2629; x_wconf 90' lang='lat' dir='ltr'><strong><em>enim</em></strong></span> <span class='ocrx_word' id='word_1_270' title='bbox 654 2593 693 2627; x_wconf 92' lang='lat' dir='ltr'><strong><em>me</em></strong></span> <span class='ocrx_word' id='word_1_271' title='bbox 727 2579 853 2676; x_wconf 77' lang='grc' dir='ltr'>ραείιίετε.</span> <span class='ocrx_word' id='word_1_272' title='bbox 901 2567 975 2646; x_wconf 82' lang='grc' dir='ltr'>αὐτῷ</span> <span class='ocrx_word' id='word_1_273' title='bbox 995 2569 1043 2638; x_wconf 80' lang='grc' dir='ltr'>τὴν</span> <span class='ocrx_word' id='word_1_274' title='bbox 1065 2567 1198 2646; x_wconf 85' lang='grc' dir='ltr'>θυγατέρα</span> <span class='ocrx_word' id='word_1_275' title='bbox 1220 2593 1283 2646; x_wconf 77' lang='grc' dir='ltr'>μου,</span> <span class='ocrx_word' id='word_1_276' title='bbox 1306 2571 1419 2642; x_wconf 77' lang='grc' dir='ltr'>ἐζήτησε</span> <span class='ocrx_word' id='word_1_277' title='bbox 1436 2571 1488 2651; x_wconf 87' lang='grc' dir='ltr'>γάρ</span> <span class='ocrx_word' id='word_1_278' title='bbox 1510 2573 1578 2629; x_wconf 88' lang='grc' dir='ltr'>ἀπο-</span> 
     </span>
     <span class='ocr_line' id='line_1_25' title="bbox 255 2656 1580 2740; baseline 0 -22"><span class='ocrx_word' id='word_1_279' title='bbox 255 2670 295 2719; x_wconf 89' lang='grc'>11.</span> <span class='ocrx_word' id='word_1_280' title='bbox 310 2671 342 2719; x_wconf 83' lang='lat' dir='ltr'><strong><em>Et</em></strong></span> <span class='ocrx_word' id='word_1_281' title='bbox 358 2670 525 2732; x_wconf 81' lang='lat' dir='ltr'><strong><em>vituperavit</em></strong></span> <span class='ocrx_word' id='word_1_282' title='bbox 544 2683 613 2728; x_wconf 86' lang='lat' dir='ltr'><strong><em>eum,</em></strong></span> <span class='ocrx_word' id='word_1_283' title='bbox 628 2675 772 2734; x_wconf 87' lang='lat' dir='ltr'><strong><em>propterea</em></strong></span> <span class='ocrx_word' id='word_1_284' title='bbox 786 2668 855 2731; x_wconf 84' lang='lat' dir='ltr'><strong><em>quod</em></strong></span> <span class='ocrx_word' id='word_1_285' title='bbox 901 2656 1003 2716; x_wconf 84' lang='grc' dir='ltr'>κτεῖναί</span> <span class='ocrx_word' id='word_1_286' title='bbox 1027 2679 1069 2734; x_wconf 85' lang='grc' dir='ltr'>με.</span> <span class='ocrx_word' id='word_1_287' title='bbox 1095 2659 1143 2718; x_wconf 87' lang='grc'>11.</span> <span class='ocrx_word' id='word_1_288' title='bbox 1168 2657 1222 2716; x_wconf 83' lang='grc' dir='ltr'>Καί</span> <span class='ocrx_word' id='word_1_289' title='bbox 1246 2657 1375 2739; x_wconf 73' lang='grc' dir='ltr'>ε’·βόγησεν</span> <span class='ocrx_word' id='word_1_290' title='bbox 1400 2660 1477 2720; x_wconf 80' lang='grc' dir='ltr'>αὐτόν</span> <span class='ocrx_word' id='word_1_291' title='bbox 1498 2661 1580 2740; x_wconf 79' lang='grc' dir='ltr'>χάριν</span> 
     </span>
     <span class='ocr_line' id='line_1_26' title="bbox 251 2747 1574 2826; baseline 0.001 -20"><span class='ocrx_word' id='word_1_292' title='bbox 251 2759 421 2822; x_wconf 82' lang='lat' dir='ltr'><strong><em>concupierat</em></strong></span> <span class='ocrx_word' id='word_1_293' title='bbox 439 2771 551 2819; x_wconf 75' lang='lat' dir='ltr'><strong><em>repetam</em></strong></span> <span class='ocrx_word' id='word_1_294' title='bbox 571 2758 644 2812; x_wconf 81' lang='lat' dir='ltr'><strong><em>eiur‚·</em></strong></span> <span class='ocrx_word' id='word_1_295' title='bbox 668 2758 708 2807; x_wconf 79' lang='grc'>19.</span> <span class='ocrx_word' id='word_1_296' title='bbox 725 2764 749 2806; x_wconf 87' lang='lat' dir='ltr'>et</span> <span class='ocrx_word' id='word_1_297' title='bbox 769 2757 856 2806; x_wconf 85' lang='lat' dir='ltr'><strong><em>abstu-</em></strong></span> <span class='ocrx_word' id='word_1_298' title='bbox 900 2751 947 2804; x_wconf 79' lang='grc' dir='ltr'>τοῦ</span> <span class='ocrx_word' id='word_1_299' title='bbox 968 2750 1131 2822; x_wconf 81' lang='grc' dir='ltr'>ἐπιθυμῆσαι</span> <span class='ocrx_word' id='word_1_300' title='bbox 1152 2747 1229 2805; x_wconf 77' lang='grc' dir='ltr'>αὐτόν</span> <span class='ocrx_word' id='word_1_301' title='bbox 1252 2751 1298 2819; x_wconf 79' lang='grc' dir='ltr'>τῆς</span> <span class='ocrx_word' id='word_1_302' title='bbox 1319 2747 1456 2826; x_wconf 78' lang='grc' dir='ltr'>βασιλείας</span> <span class='ocrx_word' id='word_1_303' title='bbox 1482 2751 1574 2807; x_wconf 81' lang='grc' dir='ltr'>αὐτοῦ·</span> 
     </span>
     <span class='ocr_line' id='line_1_27' title="bbox 253 2835 1579 2916; baseline 0.001 -22"><span class='ocrx_word' id='word_1_304' title='bbox 253 2846 284 2894; x_wconf 91' lang='lat' dir='ltr'>lit</span> <span class='ocrx_word' id='word_1_305' title='bbox 303 2845 389 2910; x_wconf 74' lang='lat' dir='ltr'><strong><em>filiam</em></strong></span> <span class='ocrx_word' id='word_1_306' title='bbox 412 2853 531 2894; x_wconf 83' lang='lat' dir='ltr'><strong><em>suamet</em></strong></span> <span class='ocrx_word' id='word_1_307' title='bbox 558 2846 630 2894; x_wconf 83' lang='lat' dir='ltr'><strong><em>dedit</em></strong></span> <span class='ocrx_word' id='word_1_308' title='bbox 650 2859 709 2893; x_wconf 92' lang='lat' dir='ltr'>eam</span> <span class='ocrx_word' id='word_1_309' title='bbox 727 2846 856 2894; x_wconf 83' lang='lat' dir='ltr'><strong><em>Demetrio</em></strong></span> <span class='ocrx_word' id='word_1_310' title='bbox 902 2836 950 2894; x_wconf 75' lang='lat'>12.</span> <span class='ocrx_word' id='word_1_311' title='bbox 965 2835 1010 2892; x_wconf 81' lang='grc' dir='ltr'>καὶ</span> <span class='ocrx_word' id='word_1_312' title='bbox 1024 2835 1185 2916; x_wconf 82' lang='grc' dir='ltr'>ἀρελόμενος</span> <span class='ocrx_word' id='word_1_313' title='bbox 1200 2837 1280 2895; x_wconf 81' lang='grc' dir='ltr'>αὐτοῦ</span> <span class='ocrx_word' id='word_1_314' title='bbox 1299 2836 1346 2908; x_wconf 81' lang='grc' dir='ltr'>τήν</span> <span class='ocrx_word' id='word_1_315' title='bbox 1366 2837 1495 2916; x_wconf 81' lang='grc' dir='ltr'>θυγατέρα</span> <span class='ocrx_word' id='word_1_316' title='bbox 1512 2840 1579 2896; x_wconf 80' lang='grc' dir='ltr'>ἐδια-</span> 
     </span>
     <span class='ocr_line' id='line_1_28' title="bbox 251 2921 1580 3005; baseline 0.005 -24"><span class='ocrx_word' id='word_1_317' title='bbox 251 2939 275 2981; x_wconf 93' lang='lat' dir='ltr'><strong><em>el</em></strong></span> <span class='ocrx_word' id='word_1_318' title='bbox 291 2932 423 2982; x_wconf 79' lang='lat' dir='ltr'><strong><em>alienavit</em></strong></span> <span class='ocrx_word' id='word_1_319' title='bbox 445 2946 471 2982; x_wconf 81' lang='lat' dir='ltr'><strong><em>se</em></strong></span> <span class='ocrx_word' id='word_1_320' title='bbox 493 2933 526 2981; x_wconf 83' lang='lat' dir='ltr'><strong><em>ab</em></strong></span> <span class='ocrx_word' id='word_1_321' title='bbox 549 2932 701 2981; x_wconf 70' lang='lat' dir='ltr'><strong><em>Alexandro</em></strong></span> <span class='ocrx_word' id='word_1_322' title='bbox 722 2941 745 2981; x_wconf 89' lang='lat' dir='ltr'>et</span> <span class='ocrx_word' id='word_1_323' title='bbox 768 2936 856 2982; x_wconf 86' lang='lat' dir='ltr'><strong><em>mani·</em></strong></span> <span class='ocrx_word' id='word_1_324' title='bbox 901 2946 944 2981; x_wconf 90' lang='grc' dir='ltr'>κεν</span> <span class='ocrx_word' id='word_1_325' title='bbox 967 2921 1048 2994; x_wconf 84' lang='grc' dir='ltr'>αὖεήν</span> <span class='ocrx_word' id='word_1_326' title='bbox 1075 2927 1114 2998; x_wconf 79' lang='grc' dir='ltr'>τῷ</span> <span class='ocrx_word' id='word_1_327' title='bbox 1140 2923 1287 3005; x_wconf 85' lang='grc' dir='ltr'>Δημητρίῳ</span> <span class='ocrx_word' id='word_1_328' title='bbox 1312 2924 1358 2984; x_wconf 87' lang='grc' dir='ltr'>καί</span> <span class='ocrx_word' id='word_1_329' title='bbox 1379 2926 1510 2997; x_wconf 77' lang='grc' dir='ltr'>ἠλλοιώθη</span> <span class='ocrx_word' id='word_1_330' title='bbox 1533 2934 1580 2987; x_wconf 79' lang='grc' dir='ltr'>τοῦ</span> 
     </span>
     <span class='ocr_line' id='line_1_29' title="bbox 252 3009 1580 3093; baseline 0.002 -24"><span class='ocrx_word' id='word_1_331' title='bbox 252 3021 362 3084; x_wconf 69' lang='lat' dir='ltr'><strong><em>testatae</em></strong></span> <span class='ocrx_word' id='word_1_332' title='bbox 374 3027 437 3069; x_wconf 87' lang='lat' dir='ltr'><strong><em>sunt</em></strong></span> <span class='ocrx_word' id='word_1_333' title='bbox 451 3021 613 3070; x_wconf 85' lang='lat' dir='ltr'><strong><em>inimicitiae</em></strong></span> <span class='ocrx_word' id='word_1_334' title='bbox 627 3022 694 3070; x_wconf 82' lang='lat' dir='ltr'><strong><em>eius.</em></strong></span> <span class='ocrx_word' id='word_1_335' title='bbox 713 3020 752 3070; x_wconf 86' lang='grc'>13.</span> <span class='ocrx_word' id='word_1_336' title='bbox 766 3021 799 3069; x_wconf 83' lang='lat' dir='ltr'><strong><em>Et</em></strong></span> <span class='ocrx_word' id='word_1_337' title='bbox 814 3023 855 3070; x_wconf 91' lang='lat' dir='ltr'><strong><em>in·</em></strong></span> <span class='ocrx_word' id='word_1_338' title='bbox 900 3009 1070 3090; x_wconf 74' lang='grc' dir='ltr'>Ἀλεξάνδρου</span> <span class='ocrx_word' id='word_1_339' title='bbox 1103 3011 1147 3070; x_wconf 83' lang='grc' dir='ltr'>καί</span> <span class='ocrx_word' id='word_1_340' title='bbox 1184 3013 1267 3091; x_wconf 80' lang='grc' dir='ltr'>ἐράνη</span> <span class='ocrx_word' id='word_1_341' title='bbox 1305 3017 1321 3084; x_wconf 84' lang='grc' dir='ltr'>ή</span> <span class='ocrx_word' id='word_1_342' title='bbox 1360 3013 1443 3093; x_wconf 80' lang='grc' dir='ltr'>ἔχθρα</span> <span class='ocrx_word' id='word_1_343' title='bbox 1481 3017 1580 3074; x_wconf 81' lang='grc' dir='ltr'>αὐτῶν.</span> 
     </span>
     <span class='ocr_line' id='line_1_30' title="bbox 251 3100 1579 3184; baseline 0.003 -27"><span class='ocrx_word' id='word_1_344' title='bbox 251 3111 336 3160; x_wconf 88' lang='lat' dir='ltr'><strong><em>traoil</em></strong></span> <span class='ocrx_word' id='word_1_345' title='bbox 354 3108 519 3158; x_wconf 81' lang='lat' dir='ltr'><strong><em>Ptolemaeus</em></strong></span> <span class='ocrx_word' id='word_1_346' title='bbox 543 3108 714 3158; x_wconf 76' lang='lat' dir='ltr'><strong><em>Antiochiam</em></strong></span> <span class='ocrx_word' id='word_1_347' title='bbox 729 3115 753 3158; x_wconf 90' lang='lat' dir='ltr'>et</span> <span class='ocrx_word' id='word_1_348' title='bbox 768 3110 854 3174; x_wconf 86' lang='lat' dir='ltr'><strong><em>impo-</em></strong></span> <span class='ocrx_word' id='word_1_349' title='bbox 902 3100 951 3158; x_wconf 85' lang='grc'>13.</span> <span class='ocrx_word' id='word_1_350' title='bbox 968 3101 1024 3159; x_wconf 83' lang='grc' dir='ltr'>Καί</span> <span class='ocrx_word' id='word_1_351' title='bbox 1043 3101 1148 3172; x_wconf 78' lang='grc' dir='ltr'>εἰσῆλθε</span> <span class='ocrx_word' id='word_1_352' title='bbox 1171 3103 1338 3179; x_wconf 82' lang='grc' dir='ltr'>Πτολεμαῖος</span> <span class='ocrx_word' id='word_1_353' title='bbox 1358 3104 1395 3170; x_wconf 85' lang='grc' dir='ltr'>είς</span> <span class='ocrx_word' id='word_1_354' title='bbox 1411 3102 1579 3184; x_wconf 80' lang='grc' dir='ltr'>Ἀντιόχειαν</span> 
     </span>
     <span class='ocr_line' id='line_1_31' title="bbox 252 3187 1580 3268; baseline 0.004 -22"><span class='ocrx_word' id='word_1_355' title='bbox 252 3200 305 3247; x_wconf 89' lang='lat' dir='ltr'><strong><em>suit</em></strong></span> <span class='ocrx_word' id='word_1_356' title='bbox 319 3199 371 3248; x_wconf 90' lang='lat' dir='ltr'><strong><em>duo</em></strong></span> <span class='ocrx_word' id='word_1_357' title='bbox 391 3197 545 3247; x_wconf 86' lang='lat' dir='ltr'><strong><em>diademata</em></strong></span> <span class='ocrx_word' id='word_1_358' title='bbox 563 3198 649 3262; x_wconf 87' lang='lat' dir='ltr'><strong><em>capiti</em></strong></span> <span class='ocrx_word' id='word_1_359' title='bbox 668 3211 725 3257; x_wconf 84' lang='lat' dir='ltr'><strong><em>suo,</em></strong></span> <span class='ocrx_word' id='word_1_360' title='bbox 741 3201 856 3263; x_wconf 79' lang='grc' dir='ltr'>Δεργριι·</span> <span class='ocrx_word' id='word_1_361' title='bbox 900 3187 946 3245; x_wconf 89' lang='grc' dir='ltr'>καί</span> <span class='ocrx_word' id='word_1_362' title='bbox 971 3188 1106 3266; x_wconf 84' lang='grc' dir='ltr'>περιέθετο</span> <span class='ocrx_word' id='word_1_363' title='bbox 1134 3188 1164 3248; x_wconf 83' lang='grc' dir='ltr'>τό</span> <span class='ocrx_word' id='word_1_364' title='bbox 1193 3190 1311 3268; x_wconf 88' lang='grc' dir='ltr'>διάδημα</span> <span class='ocrx_word' id='word_1_365' title='bbox 1339 3197 1388 3263; x_wconf 78' lang='grc' dir='ltr'>τῆς</span> <span class='ocrx_word' id='word_1_366' title='bbox 1419 3191 1580 3268; x_wconf 41' lang='grc' dir='ltr'>ἈσίαςΙκαί</span> 
     </span>
     <span class='ocr_line' id='line_1_32' title="bbox 251 3276 1579 3362; baseline 0.002 -25"><span class='ocrx_word' id='word_1_367' title='bbox 251 3288 375 3337; x_wconf 75' lang='lat' dir='ltr'><strong><em>aldrice.</em></strong></span> <span class='ocrx_word' id='word_1_368' title='bbox 900 3277 1035 3354; x_wconf 85' lang='grc' dir='ltr'>περιέθετο</span> <span class='ocrx_word' id='word_1_369' title='bbox 1056 3276 1101 3338; x_wconf 89' lang='grc' dir='ltr'>δύο</span> <span class='ocrx_word' id='word_1_370' title='bbox 1121 3279 1275 3357; x_wconf 87' lang='grc' dir='ltr'>διαδήματα</span> <span class='ocrx_word' id='word_1_371' title='bbox 1302 3279 1363 3359; x_wconf 82' lang='grc' dir='ltr'>περὶ</span> <span class='ocrx_word' id='word_1_372' title='bbox 1389 3281 1438 3354; x_wconf 78' lang='grc' dir='ltr'>τὴν</span> <span class='ocrx_word' id='word_1_373' title='bbox 1460 3281 1579 3362; x_wconf 69' lang='grc' dir='ltr'>κεφαλήν</span> 
     </span>
    </p>
   </div>
   <div class='ocr_carea' id='block_1_2' title="bbox 252 376 1069 446">
    <p class='ocr_par' dir='ltr' id='par_1_4' title="bbox 252 376 1069 446">
     <span class='ocr_line' id='line_1_33' title="bbox 252 376 1069 446; baseline -0.005 -9"><span class='ocrx_word' id='word_1_374' title='bbox 252 379 309 437; x_wconf 83' lang='grc'>196</span> <span class='ocrx_word' id='word_1_375' title='bbox 764 377 793 434; x_wconf 93' lang='grc'>1.</span> <span class='ocrx_word' id='word_1_376' title='bbox 816 393 907 436; x_wconf 73' lang='lat' dir='ltr'><strong><em>nean.</em></strong></span> <span class='ocrx_word' id='word_1_377' title='bbox 933 376 1069 446; x_wconf 81' lang='grc'><strong>11,1.19.</strong></span> 
     </span>
    </p>
   </div>
   <div class='ocr_carea' id='block_1_3' title="bbox 244 3449 1597 4864">
    <p class='ocr_par' dir='ltr' id='par_1_5' title="bbox 244 3449 1578 4785">
     <span class='ocr_line' id='line_1_34' title="bbox 290 3449 1577 3534; baseline 0.002 -18"><span class='ocrx_word' id='word_1_378' title='bbox 290 3466 330 3516; x_wconf 87' lang='grc'>11.</span> <span class='ocrx_word' id='word_1_379' title='bbox 346 3465 497 3514; x_wconf 78' lang='lat' dir='ltr'><strong><em>Alexander</em></strong></span> <span class='ocrx_word' id='word_1_380' title='bbox 516 3472 605 3515; x_wconf 87' lang='lat' dir='ltr'><strong><em>autem</em></strong></span> <span class='ocrx_word' id='word_1_381' title='bbox 624 3479 670 3514; x_wconf 84' lang='lat' dir='ltr'>rea</span> <span class='ocrx_word' id='word_1_382' title='bbox 691 3473 749 3514; x_wconf 89' lang='lat' dir='ltr'><strong><em>erat</em></strong></span> <span class='ocrx_word' id='word_1_383' title='bbox 765 3467 795 3514; x_wconf 87' lang='lat' dir='ltr'><strong><em>in</em></strong></span> <span class='ocrx_word' id='word_1_384' title='bbox 808 3467 853 3515; x_wconf 84' lang='lat' dir='ltr'><strong><em>ci·</em></strong></span> <span class='ocrx_word' id='word_1_385' title='bbox 942 3457 988 3514; x_wconf 76' lang='grc'>11.</span> <span class='ocrx_word' id='word_1_386' title='bbox 1003 3453 1171 3534; x_wconf 80' lang='grc' dir='ltr'>Ἀλέξανδρος</span> <span class='ocrx_word' id='word_1_387' title='bbox 1186 3453 1213 3514; x_wconf 79' lang='grc' dir='ltr'>δέ</span> <span class='ocrx_word' id='word_1_388' title='bbox 1228 3461 1242 3514; x_wconf 86' lang='grc' dir='ltr'>ό</span> <span class='ocrx_word' id='word_1_389' title='bbox 1259 3457 1384 3534; x_wconf 79' lang='grc' dir='ltr'>βασιλεὺς</span> <span class='ocrx_word' id='word_1_390' title='bbox 1398 3449 1430 3530; x_wconf 71' lang='grc' dir='ltr'>ἦν</span> <span class='ocrx_word' id='word_1_391' title='bbox 1450 3461 1477 3518; x_wconf 93' lang='grc' dir='ltr'>ἐν</span> <span class='ocrx_word' id='word_1_392' title='bbox 1496 3461 1577 3521; x_wconf 87' lang='grc' dir='ltr'>Κιλι-</span> 
     </span>
     <span class='ocr_line' id='line_1_35' title="bbox 252 3528 1577 3624; baseline 0.005 -22"><span class='ocrx_word' id='word_1_393' title='bbox 252 3554 317 3604; x_wconf 86' lang='lat' dir='ltr'><strong><em>licia</em></strong></span> <span class='ocrx_word' id='word_1_394' title='bbox 329 3552 388 3603; x_wconf 89' lang='lat' dir='ltr'><strong><em>illis</em></strong></span> <span class='ocrx_word' id='word_1_395' title='bbox 407 3555 579 3618; x_wconf 84' lang='lat' dir='ltr'><strong><em>temporibus,</em></strong></span> <span class='ocrx_word' id='word_1_396' title='bbox 602 3528 668 3617; x_wconf 65' lang='lat' dir='ltr'><strong><em>q&#39;ula</em></strong></span> <span class='ocrx_word' id='word_1_397' title='bbox 686 3554 853 3604; x_wconf 85' lang='lat' dir='ltr'><strong><em>rebellabant</em></strong></span> <span class='ocrx_word' id='word_1_398' title='bbox 899 3543 945 3622; x_wconf 75' lang='grc' dir='ltr'>κίορ</span> <span class='ocrx_word' id='word_1_399' title='bbox 965 3545 1034 3604; x_wconf 74' lang='grc' dir='ltr'>κατὰ</span> <span class='ocrx_word' id='word_1_400' title='bbox 1049 3542 1108 3612; x_wconf 82' lang='grc' dir='ltr'>τούς</span> <span class='ocrx_word' id='word_1_401' title='bbox 1129 3543 1236 3624; x_wconf 79' lang='grc' dir='ltr'>καιρούς</span> <span class='ocrx_word' id='word_1_402' title='bbox 1251 3546 1377 3620; x_wconf 85' lang='grc' dir='ltr'>ἐκείνους,</span> <span class='ocrx_word' id='word_1_403' title='bbox 1398 3545 1439 3608; x_wconf 81' lang='grc' dir='ltr'>ὅτι</span> <span class='ocrx_word' id='word_1_404' title='bbox 1454 3550 1577 3609; x_wconf 88' lang='grc' dir='ltr'>ἀπεστά-</span> 
     </span>
     <span class='ocr_line' id='line_1_36' title="bbox 251 3633 1578 3706; baseline 0.004 -14"><span class='ocrx_word' id='word_1_405' title='bbox 251 3641 684 3706; x_wconf 77' lang='lat' dir='ltr'><strong><em>quierantinloeisillis315.</em></strong></span> <span class='ocrx_word' id='word_1_406' title='bbox 708 3649 732 3692; x_wconf 88' lang='lat' dir='ltr'>et</span> <span class='ocrx_word' id='word_1_407' title='bbox 748 3644 852 3693; x_wconf 77' lang='lat' dir='ltr'><strong><em>audivit</em></strong></span> <span class='ocrx_word' id='word_1_408' title='bbox 898 3655 960 3690; x_wconf 92' lang='grc' dir='ltr'>τουν</span> <span class='ocrx_word' id='word_1_409' title='bbox 985 3634 1008 3690; x_wconf 78' lang='lat' dir='ltr'>ol</span> <span class='ocrx_word' id='word_1_410' title='bbox 1035 3633 1088 3693; x_wconf 83' lang='grc' dir='ltr'>ἀπὸ</span> <span class='ocrx_word' id='word_1_411' title='bbox 1114 3638 1166 3692; x_wconf 84' lang='grc' dir='ltr'>τῶν</span> <span class='ocrx_word' id='word_1_412' title='bbox 1188 3635 1275 3694; x_wconf 87' lang='grc' dir='ltr'>τόπων</span> <span class='ocrx_word' id='word_1_413' title='bbox 1305 3635 1422 3695; x_wconf 80' lang='grc' dir='ltr'>ἐκείνόιν·</span> <span class='ocrx_word' id='word_1_414' title='bbox 1454 3639 1501 3697; x_wconf 83' lang='grc'>15.</span> <span class='ocrx_word' id='word_1_415' title='bbox 1530 3639 1578 3697; x_wconf 86' lang='grc' dir='ltr'>καὶ</span> 
     </span>
     <span class='ocr_line' id='line_1_37' title="bbox 250 3715 1577 3802; baseline 0.003 -21"><span class='ocrx_word' id='word_1_416' title='bbox 250 3733 401 3782; x_wconf 77' lang='lat' dir='ltr'><strong><em>Alexander</em></strong></span> <span class='ocrx_word' id='word_1_417' title='bbox 413 3739 439 3780; x_wconf 89' lang='lat' dir='ltr'>et</span> <span class='ocrx_word' id='word_1_418' title='bbox 452 3733 526 3781; x_wconf 85' lang='lat' dir='ltr'><strong><em>uenit</em></strong></span> <span class='ocrx_word' id='word_1_419' title='bbox 538 3732 573 3780; x_wconf 88' lang='lat' dir='ltr'>ad</span> <span class='ocrx_word' id='word_1_420' title='bbox 587 3734 689 3780; x_wconf 86' lang='lat' dir='ltr'><strong><em>eumin</em></strong></span> <span class='ocrx_word' id='word_1_421' title='bbox 702 3731 852 3792; x_wconf 79' lang='lat' dir='ltr'><strong><em>bellum;et</em></strong></span> <span class='ocrx_word' id='word_1_422' title='bbox 898 3720 1010 3792; x_wconf 83' lang='grc' dir='ltr'>ἤκουσεν</span> <span class='ocrx_word' id='word_1_423' title='bbox 1038 3721 1211 3802; x_wconf 74' lang='grc' dir='ltr'>Ἀλέξανδρος</span> <span class='ocrx_word' id='word_1_424' title='bbox 1239 3723 1284 3782; x_wconf 86' lang='grc' dir='ltr'>καί</span> <span class='ocrx_word' id='word_1_425' title='bbox 1312 3715 1392 3796; x_wconf 69' lang='grc' dir='ltr'>ἦλθεν</span> <span class='ocrx_word' id='word_1_426' title='bbox 1422 3725 1468 3785; x_wconf 83' lang='grc' dir='ltr'>ἐπ’</span> <span class='ocrx_word' id='word_1_427' title='bbox 1496 3727 1577 3786; x_wconf 84' lang='grc' dir='ltr'>αὐτὸν</span> 
     </span>
     <span class='ocr_line' id='line_1_38' title="bbox 248 3809 1575 3891; baseline 0 -19"><span class='ocrx_word' id='word_1_428' title='bbox 248 3822 377 3885; x_wconf 83' lang='lat' dir='ltr'><strong><em>producit</em></strong></span> <span class='ocrx_word' id='word_1_429' title='bbox 403 3821 569 3870; x_wconf 79' lang='lat' dir='ltr'><strong><em>Ptolemaeus</em></strong></span> <span class='ocrx_word' id='word_1_430' title='bbox 591 3835 637 3870; x_wconf 83' lang='lat' dir='ltr'>rea</span> <span class='ocrx_word' id='word_1_431' title='bbox 660 3822 804 3870; x_wconf 71' lang='lat' dir='ltr'><strong><em>exercitum</em></strong></span> <span class='ocrx_word' id='word_1_432' title='bbox 828 3829 852 3870; x_wconf 89' lang='grc' dir='ltr'>ει</span> <span class='ocrx_word' id='word_1_433' title='bbox 898 3809 1017 3891; x_wconf 79' lang='grc' dir='ltr'>πολέμῳ·</span> <span class='ocrx_word' id='word_1_434' title='bbox 1032 3815 1077 3870; x_wconf 89' lang='grc' dir='ltr'>καὶ</span> <span class='ocrx_word' id='word_1_435' title='bbox 1099 3810 1212 3890; x_wconf 75' lang='grc' dir='ltr'>ἐξήγαγε</span> <span class='ocrx_word' id='word_1_436' title='bbox 1233 3815 1404 3890; x_wconf 87' lang='grc' dir='ltr'>Πτολεμαῖος</span> <span class='ocrx_word' id='word_1_437' title='bbox 1422 3817 1470 3886; x_wconf 80' lang='grc' dir='ltr'>τήν</span> <span class='ocrx_word' id='word_1_438' title='bbox 1492 3815 1575 3875; x_wconf 84' lang='grc' dir='ltr'>δύνα-</span> 
     </span>
     <span class='ocr_line' id='line_1_39' title="bbox 249 3899 1578 3985; baseline 0.005 -27"><span class='ocrx_word' id='word_1_439' title='bbox 249 3911 365 3960; x_wconf 85' lang='lat' dir='ltr'><strong><em>occurrit</em></strong></span> <span class='ocrx_word' id='word_1_440' title='bbox 380 3910 406 3959; x_wconf 85' lang='lat' dir='ltr'><strong><em>el</em></strong></span> <span class='ocrx_word' id='word_1_441' title='bbox 429 3909 460 3958; x_wconf 84' lang='lat' dir='ltr'><strong><em>in</em></strong></span> <span class='ocrx_word' id='word_1_442' title='bbox 483 3923 566 3958; x_wconf 91' lang='lat' dir='ltr'><strong><em>manu</em></strong></span> <span class='ocrx_word' id='word_1_443' title='bbox 585 3908 680 3958; x_wconf 87' lang='lat' dir='ltr'><strong><em>valida</em></strong></span> <span class='ocrx_word' id='word_1_444' title='bbox 699 3917 723 3958; x_wconf 89' lang='lat' dir='ltr'>et</span> <span class='ocrx_word' id='word_1_445' title='bbox 746 3909 852 3973; x_wconf 77' lang='lat' dir='ltr'><strong><em>supaoit</em></strong></span> <span class='ocrx_word' id='word_1_446' title='bbox 898 3922 957 3976; x_wconf 75' lang='grc' dir='ltr'>μιν,</span> <span class='ocrx_word' id='word_1_447' title='bbox 972 3899 1018 3958; x_wconf 85' lang='grc' dir='ltr'>καί</span> <span class='ocrx_word' id='word_1_448' title='bbox 1033 3899 1186 3974; x_wconf 81' lang='grc' dir='ltr'>ἀπήντησεν</span> <span class='ocrx_word' id='word_1_449' title='bbox 1201 3905 1273 3982; x_wconf 83' lang='grc' dir='ltr'>αὐτῷ</span> <span class='ocrx_word' id='word_1_450' title='bbox 1284 3905 1311 3960; x_wconf 90' lang='grc' dir='ltr'>ἐν</span> <span class='ocrx_word' id='word_1_451' title='bbox 1327 3902 1399 3982; x_wconf 82' lang='grc' dir='ltr'>χειρί</span> <span class='ocrx_word' id='word_1_452' title='bbox 1412 3905 1511 3985; x_wconf 62' lang='grc' dir='ltr'>ἰσχυρᾷ</span> <span class='ocrx_word' id='word_1_453' title='bbox 1530 3905 1578 3964; x_wconf 86' lang='grc' dir='ltr'>καί</span> 
     </span>
     <span class='ocr_line' id='line_1_40' title="bbox 249 3987 1576 4071; baseline 0.003 -25"><span class='ocrx_word' id='word_1_454' title='bbox 249 4013 317 4048; x_wconf 83' lang='grc' dir='ltr'>ειιιιι.</span> <span class='ocrx_word' id='word_1_455' title='bbox 338 3998 378 4048; x_wconf 88' lang='grc'>16.</span> <span class='ocrx_word' id='word_1_456' title='bbox 400 3999 432 4046; x_wconf 81' lang='lat' dir='ltr'><strong><em>Et</em></strong></span> <span class='ocrx_word' id='word_1_457' title='bbox 454 3997 525 4060; x_wconf 71' lang='lat' dir='ltr'><strong><em>sapit</em></strong></span> <span class='ocrx_word' id='word_1_458' title='bbox 554 3997 707 4047; x_wconf 77' lang='lat' dir='ltr'><strong><em>Alexander</em></strong></span> <span class='ocrx_word' id='word_1_459' title='bbox 732 4000 762 4047; x_wconf 87' lang='lat' dir='ltr'><strong><em>in</em></strong></span> <span class='ocrx_word' id='word_1_460' title='bbox 785 4003 851 4048; x_wconf 79' lang='lat' dir='ltr'><strong><em>Ara·</em></strong></span> <span class='ocrx_word' id='word_1_461' title='bbox 898 3987 1069 4064; x_wconf 78' lang='grc' dir='ltr'>ἐτροπώσατο</span> <span class='ocrx_word' id='word_1_462' title='bbox 1088 3988 1177 4049; x_wconf 79' lang='grc' dir='ltr'>αὐτόν.</span> <span class='ocrx_word' id='word_1_463' title='bbox 1196 3993 1243 4050; x_wconf 83' lang='grc'>16.</span> <span class='ocrx_word' id='word_1_464' title='bbox 1263 3993 1317 4052; x_wconf 83' lang='grc' dir='ltr'>Καὶ</span> <span class='ocrx_word' id='word_1_465' title='bbox 1333 3992 1426 4071; x_wconf 80' lang='grc' dir='ltr'>ἐρυγεν</span> <span class='ocrx_word' id='word_1_466' title='bbox 1444 3992 1576 4060; x_wconf 77' lang='grc' dir='ltr'>Ἀλέξαν-</span> 
     </span>
     <span class='ocr_line' id='line_1_41' title="bbox 250 4076 1575 4157; baseline 0.003 -22"><span class='ocrx_word' id='word_1_467' title='bbox 250 4083 332 4144; x_wconf 78' lang='lat' dir='ltr'><strong><em>biam,</em></strong></span> <span class='ocrx_word' id='word_1_468' title='bbox 361 4093 390 4134; x_wconf 91' lang='lat' dir='ltr'><strong><em>ut</em></strong></span> <span class='ocrx_word' id='word_1_469' title='bbox 419 4085 458 4133; x_wconf 83' lang='lat' dir='ltr'>ibi</span> <span class='ocrx_word' id='word_1_470' title='bbox 479 4092 740 4148; x_wconf 74' lang='lat' dir='ltr'><strong><em>proreperetur;rec</em></strong></span> <span class='ocrx_word' id='word_1_471' title='bbox 763 4094 852 4136; x_wconf 88' lang='lat' dir='ltr'><strong><em>autem</em></strong></span> <span class='ocrx_word' id='word_1_472' title='bbox 898 4076 957 4154; x_wconf 88' lang='grc' dir='ltr'>δρας</span> <span class='ocrx_word' id='word_1_473' title='bbox 971 4078 1007 4143; x_wconf 85' lang='grc' dir='ltr'>εἷς</span> <span class='ocrx_word' id='word_1_474' title='bbox 1022 4077 1070 4149; x_wconf 78' lang='grc' dir='ltr'>τήν</span> <span class='ocrx_word' id='word_1_475' title='bbox 1084 4077 1219 4157; x_wconf 85' lang='grc' dir='ltr'>Ἀραόέαν</span> <span class='ocrx_word' id='word_1_476' title='bbox 1238 4085 1283 4140; x_wconf 84' lang='grc' dir='ltr'>τοῦ</span> <span class='ocrx_word' id='word_1_477' title='bbox 1299 4085 1480 4152; x_wconf 78' lang='grc' dir='ltr'>σκεπασθῆναι</span> <span class='ocrx_word' id='word_1_478' title='bbox 1495 4081 1575 4142; x_wconf 80' lang='grc' dir='ltr'>αὐτόν</span> 
     </span>
     <span class='ocr_line' id='line_1_42' title="bbox 246 4165 1573 4250; baseline 0.005 -26"><span class='ocrx_word' id='word_1_479' title='bbox 246 4174 412 4224; x_wconf 82' lang='lat' dir='ltr'><strong><em>Ptolemaeus</em></strong></span> <span class='ocrx_word' id='word_1_480' title='bbox 430 4172 564 4222; x_wconf 76' lang='lat' dir='ltr'><strong><em>exaltatus</em></strong></span> <span class='ocrx_word' id='word_1_481' title='bbox 584 4181 631 4222; x_wconf 86' lang='lat' dir='ltr'><strong><em>est.</em></strong></span> <span class='ocrx_word' id='word_1_482' title='bbox 651 4175 693 4225; x_wconf 84' lang='lat'>17.</span> <span class='ocrx_word' id='word_1_483' title='bbox 709 4176 742 4223; x_wconf 80' lang='lat' dir='ltr'><strong><em>Et</em></strong></span> <span class='ocrx_word' id='word_1_484' title='bbox 757 4175 851 4225; x_wconf 85' lang='lat' dir='ltr'><strong><em>abstu·</em></strong></span> <span class='ocrx_word' id='word_1_485' title='bbox 897 4165 963 4223; x_wconf 85' lang='grc' dir='ltr'>ἐκεῖ·</span> <span class='ocrx_word' id='word_1_486' title='bbox 983 4171 997 4224; x_wconf 88' lang='grc' dir='ltr'>ὁ</span> <span class='ocrx_word' id='word_1_487' title='bbox 1018 4168 1046 4226; x_wconf 82' lang='grc' dir='ltr'>δὲ</span> <span class='ocrx_word' id='word_1_488' title='bbox 1071 4165 1194 4244; x_wconf 84' lang='grc' dir='ltr'>βασιλεὺς</span> <span class='ocrx_word' id='word_1_489' title='bbox 1215 4171 1384 4244; x_wconf 82' lang='grc' dir='ltr'>Πτολεμαῖος</span> <span class='ocrx_word' id='word_1_490' title='bbox 1398 4171 1502 4250; x_wconf 77' lang='grc' dir='ltr'>ὑψώθη.</span> <span class='ocrx_word' id='word_1_491' title='bbox 1523 4173 1573 4233; x_wconf 82' lang='grc'>17.</span> 
     </span>
     <span class='ocr_line' id='line_1_43' title="bbox 248 4253 1575 4341; baseline 0.002 -28"><span class='ocrx_word' id='word_1_492' title='bbox 248 4265 281 4314; x_wconf 90' lang='lat' dir='ltr'>lit</span> <span class='ocrx_word' id='word_1_493' title='bbox 302 4260 417 4312; x_wconf 81' lang='lat' dir='ltr'><strong><em>Zabdiel</em></strong></span> <span class='ocrx_word' id='word_1_494' title='bbox 443 4262 529 4310; x_wconf 81' lang='lat' dir='ltr'><strong><em>Arabs</em></strong></span> <span class='ocrx_word' id='word_1_495' title='bbox 552 4270 632 4326; x_wconf 90' lang='lat' dir='ltr'><strong><em>caput</em></strong></span> <span class='ocrx_word' id='word_1_496' title='bbox 655 4262 804 4313; x_wconf 72' lang='lat' dir='ltr'><strong><em>Alexandri</em></strong></span> <span class='ocrx_word' id='word_1_497' title='bbox 827 4271 850 4312; x_wconf 88' lang='lat' dir='ltr'>et</span> <span class='ocrx_word' id='word_1_498' title='bbox 898 4253 954 4313; x_wconf 83' lang='grc' dir='ltr'>Καὶ</span> <span class='ocrx_word' id='word_1_499' title='bbox 974 4257 1065 4336; x_wconf 82' lang='grc' dir='ltr'>ἀφεῖλε</span> <span class='ocrx_word' id='word_1_500' title='bbox 1090 4256 1212 4325; x_wconf 79' lang='grc' dir='ltr'>Ζαὸδιήλ</span> <span class='ocrx_word' id='word_1_501' title='bbox 1234 4262 1248 4316; x_wconf 85' lang='grc' dir='ltr'>ό</span> <span class='ocrx_word' id='word_1_502' title='bbox 1267 4257 1360 4340; x_wconf 84' lang='grc' dir='ltr'>Ἀραψ</span> <span class='ocrx_word' id='word_1_503' title='bbox 1384 4259 1433 4329; x_wconf 80' lang='grc' dir='ltr'>τήν</span> <span class='ocrx_word' id='word_1_504' title='bbox 1456 4257 1575 4341; x_wconf 80' lang='grc' dir='ltr'>κεφαλήν</span> 
     </span>
     <span class='ocr_line' id='line_1_44' title="bbox 246 4341 1572 4428; baseline 0.003 -25"><span class='ocrx_word' id='word_1_505' title='bbox 246 4355 320 4403; x_wconf 86' lang='lat' dir='ltr'><strong><em>misit</em></strong></span> <span class='ocrx_word' id='word_1_506' title='bbox 333 4351 495 4403; x_wconf 86' lang='lat' dir='ltr'><strong><em>Ptolemaeo.</em></strong></span> <span class='ocrx_word' id='word_1_507' title='bbox 518 4351 558 4401; x_wconf 89' lang='grc'>18.</span> <span class='ocrx_word' id='word_1_508' title='bbox 575 4351 609 4401; x_wconf 84' lang='lat' dir='ltr'><strong><em>Et</em></strong></span> <span class='ocrx_word' id='word_1_509' title='bbox 624 4365 671 4400; x_wconf 82' lang='lat' dir='ltr'>rea</span> <span class='ocrx_word' id='word_1_510' title='bbox 684 4351 850 4402; x_wconf 84' lang='lat' dir='ltr'><strong><em>Ptolemaeus</em></strong></span> <span class='ocrx_word' id='word_1_511' title='bbox 896 4341 1066 4422; x_wconf 75' lang='grc' dir='ltr'>Ἀλεξάνδρου</span> <span class='ocrx_word' id='word_1_512' title='bbox 1092 4345 1137 4402; x_wconf 87' lang='grc' dir='ltr'>καί</span> <span class='ocrx_word' id='word_1_513' title='bbox 1166 4345 1307 4406; x_wconf 85' lang='grc' dir='ltr'>ἀπέστειλε</span> <span class='ocrx_word' id='word_1_514' title='bbox 1332 4351 1369 4428; x_wconf 80' lang='grc' dir='ltr'>τῷ</span> <span class='ocrx_word' id='word_1_515' title='bbox 1398 4348 1572 4427; x_wconf 86' lang='grc' dir='ltr'>Πτολεμαίῳ.</span> 
     </span>
     <span class='ocr_line' id='line_1_45' title="bbox 245 4431 1573 4513; baseline 0.002 -20"><span class='ocrx_word' id='word_1_516' title='bbox 245 4450 364 4493; x_wconf 84' lang='lat' dir='ltr'><strong><em>mortuus</em></strong></span> <span class='ocrx_word' id='word_1_517' title='bbox 374 4448 411 4491; x_wconf 89' lang='lat' dir='ltr'>est</span> <span class='ocrx_word' id='word_1_518' title='bbox 421 4440 502 4490; x_wconf 86' lang='lat' dir='ltr'><strong><em>indie</em></strong></span> <span class='ocrx_word' id='word_1_519' title='bbox 515 4440 612 4500; x_wconf 85' lang='lat' dir='ltr'><strong><em>tertia,·</em></strong></span> <span class='ocrx_word' id='word_1_520' title='bbox 627 4449 651 4489; x_wconf 86' lang='lat' dir='ltr'>et</span> <span class='ocrx_word' id='word_1_521' title='bbox 666 4443 713 4504; x_wconf 85' lang='lat' dir='ltr'>qul</span> <span class='ocrx_word' id='word_1_522' title='bbox 726 4449 803 4492; x_wconf 89' lang='lat' dir='ltr'><strong><em>erant</em></strong></span> <span class='ocrx_word' id='word_1_523' title='bbox 819 4445 849 4490; x_wconf 88' lang='lat' dir='ltr'><strong><em>in</em></strong></span> <span class='ocrx_word' id='word_1_524' title='bbox 897 4431 947 4492; x_wconf 88' lang='grc'>18.</span> <span class='ocrx_word' id='word_1_525' title='bbox 975 4432 1030 4492; x_wconf 85' lang='grc' dir='ltr'>Καὶ</span> <span class='ocrx_word' id='word_1_526' title='bbox 1055 4437 1069 4491; x_wconf 84' lang='grc' dir='ltr'><strong>ὁ</strong></span> <span class='ocrx_word' id='word_1_527' title='bbox 1095 4433 1219 4512; x_wconf 75' lang='grc' dir='ltr'>βασιλεὺς</span> <span class='ocrx_word' id='word_1_528' title='bbox 1245 4437 1412 4513; x_wconf 85' lang='grc' dir='ltr'>Πτολεμαῖος</span> <span class='ocrx_word' id='word_1_529' title='bbox 1442 4437 1573 4496; x_wconf 81' lang='grc' dir='ltr'>ἀπέθανεν</span> 
     </span>
     <span class='ocr_line' id='line_1_46' title="bbox 245 4520 1574 4603; baseline 0.002 -20"><span class='ocrx_word' id='word_1_530' title='bbox 245 4531 440 4594; x_wconf 76' lang='lat' dir='ltr'><strong><em>munitionibus</em></strong></span> <span class='ocrx_word' id='word_1_531' title='bbox 453 4531 638 4594; x_wconf 82' lang='lat' dir='ltr'><strong><em>perierunlab</em></strong></span> <span class='ocrx_word' id='word_1_532' title='bbox 652 4530 754 4594; x_wconf 78' lang='lat' dir='ltr'><strong><em>luitqui</em></strong></span> <span class='ocrx_word' id='word_1_533' title='bbox 769 4539 848 4580; x_wconf 87' lang='lat' dir='ltr'><strong><em>erant</em></strong></span> <span class='ocrx_word' id='word_1_534' title='bbox 893 4521 922 4579; x_wconf 88' lang='grc' dir='ltr'>ἐν</span> <span class='ocrx_word' id='word_1_535' title='bbox 947 4520 1036 4601; x_wconf 72' lang='grc' dir='ltr'>ἡμέρᾳ</span> <span class='ocrx_word' id='word_1_536' title='bbox 1061 4525 1093 4598; x_wconf 79' lang='grc' dir='ltr'>τῇ</span> <span class='ocrx_word' id='word_1_537' title='bbox 1119 4523 1205 4603; x_wconf 84' lang='grc' dir='ltr'>τρίτη·</span> <span class='ocrx_word' id='word_1_538' title='bbox 1239 4525 1283 4583; x_wconf 84' lang='grc' dir='ltr'>καί</span> <span class='ocrx_word' id='word_1_539' title='bbox 1313 4529 1339 4585; x_wconf 81' lang='grc' dir='ltr'>οἱ</span> <span class='ocrx_word' id='word_1_540' title='bbox 1364 4525 1436 4593; x_wconf 84' lang='grc' dir='ltr'>όντις</span> <span class='ocrx_word' id='word_1_541' title='bbox 1467 4527 1494 4584; x_wconf 91' lang='grc' dir='ltr'>ἐν</span> <span class='ocrx_word' id='word_1_542' title='bbox 1519 4535 1574 4593; x_wconf 84' lang='grc' dir='ltr'>τοῖς</span> 
     </span>
     <span class='ocr_line' id='line_1_47' title="bbox 244 4606 1573 4688; baseline 0.004 -19"><span class='ocrx_word' id='word_1_543' title='bbox 244 4623 319 4671; x_wconf 87' lang='lat' dir='ltr'><strong><em>intra</em></strong></span> <span class='ocrx_word' id='word_1_544' title='bbox 333 4626 431 4670; x_wconf 86' lang='lat' dir='ltr'><strong><em>castra.</em></strong></span> <span class='ocrx_word' id='word_1_545' title='bbox 452 4620 493 4670; x_wconf 88' lang='grc'>19.</span> <span class='ocrx_word' id='word_1_546' title='bbox 510 4620 543 4668; x_wconf 84' lang='lat' dir='ltr'><strong><em>Et</em></strong></span> <span class='ocrx_word' id='word_1_547' title='bbox 558 4621 683 4683; x_wconf 78' lang='lat' dir='ltr'><strong><em>repnaoit</em></strong></span> <span class='ocrx_word' id='word_1_548' title='bbox 700 4621 847 4669; x_wconf 83' lang='lat' dir='ltr'><strong><em>Demetrius</em></strong></span> <span class='ocrx_word' id='word_1_549' title='bbox 893 4606 1064 4688; x_wconf 78' lang='grc' dir='ltr'>ὀχυρώμασιν</span> <span class='ocrx_word' id='word_1_550' title='bbox 1082 4614 1163 4672; x_wconf 76' lang='grc' dir='ltr'>αὐτοῦ</span> <span class='ocrx_word' id='word_1_551' title='bbox 1178 4611 1316 4674; x_wconf 90' lang='grc' dir='ltr'>ἀπώλοντο</span> <span class='ocrx_word' id='word_1_552' title='bbox 1329 4613 1381 4674; x_wconf 79' lang='grc' dir='ltr'>ὑπὸ</span> <span class='ocrx_word' id='word_1_553' title='bbox 1399 4618 1451 4674; x_wconf 82' lang='grc' dir='ltr'>τῶν</span> <span class='ocrx_word' id='word_1_554' title='bbox 1470 4617 1497 4674; x_wconf 93' lang='grc' dir='ltr'>ἐν</span> <span class='ocrx_word' id='word_1_555' title='bbox 1518 4623 1573 4683; x_wconf 86' lang='grc' dir='ltr'>τοῖς</span> 
     </span>
     <span class='ocr_line' id='line_1_48' title="bbox 244 4697 1573 4785; baseline 0.004 -26"><span class='ocrx_word' id='word_1_556' title='bbox 244 4724 316 4760; x_wconf 88' lang='lat' dir='ltr'><strong><em>anno</em></strong></span> <span class='ocrx_word' id='word_1_557' title='bbox 331 4710 470 4760; x_wconf 83' lang='lat' dir='ltr'><strong><em>centesimo</em></strong></span> <span class='ocrx_word' id='word_1_558' title='bbox 484 4711 647 4772; x_wconf 75' lang='lat' dir='ltr'><strong><em>recopesimo</em></strong></span> <span class='ocrx_word' id='word_1_559' title='bbox 661 4710 781 4774; x_wconf 85' lang='lat' dir='ltr'><strong><em>septimo.</em></strong></span> <span class='ocrx_word' id='word_1_560' title='bbox 892 4697 1061 4778; x_wconf 78' lang='grc' dir='ltr'>ὀχυρώμασι.</span> <span class='ocrx_word' id='word_1_561' title='bbox 1091 4702 1137 4760; x_wconf 78' lang='lat' dir='ltr'><strong><em>it).</em></strong></span> <span class='ocrx_word' id='word_1_562' title='bbox 1163 4701 1216 4761; x_wconf 86' lang='grc' dir='ltr'>Ιίαί</span> <span class='ocrx_word' id='word_1_563' title='bbox 1238 4701 1393 4763; x_wconf 83' lang='grc' dir='ltr'>ἐόασίλευσε</span> <span class='ocrx_word' id='word_1_564' title='bbox 1417 4704 1573 4785; x_wconf 85' lang='grc' dir='ltr'>Δημήτριος</span> 
     </span>
    </p>

    <p class='ocr_par' dir='ltr' id='par_1_6' title="bbox 892 4785 1597 4864">
     <span class='ocr_line' id='line_1_49' title="bbox 892 4785 1597 4864; baseline 0.014 -20"><span class='ocrx_word' id='word_1_565' title='bbox 892 4785 967 4856; x_wconf 83' lang='grc' dir='ltr'>ἔτους</span> <span class='ocrx_word' id='word_1_566' title='bbox 983 4788 1096 4864; x_wconf 72' lang='grc' dir='ltr'>ἑβδόμου</span> <span class='ocrx_word' id='word_1_567' title='bbox 1112 4789 1158 4848; x_wconf 86' lang='grc' dir='ltr'>καί</span> <span class='ocrx_word' id='word_1_568' title='bbox 1179 4789 1319 4862; x_wconf 76' lang='grc' dir='ltr'>ἑξηκοστοῦ</span> <span class='ocrx_word' id='word_1_569' title='bbox 1347 4793 1391 4851; x_wconf 84' lang='grc' dir='ltr'>καί</span> <span class='ocrx_word' id='word_1_570' title='bbox 1413 4797 1570 4856; x_wconf 79' lang='grc' dir='ltr'>έκατοστσῦ.</span> <span class='ocrx_word' id='word_1_571' title='bbox 1595 4813 1597 4818; x_wconf 86' lang='grc'><strong>’</strong></span> 
     </span>
    </p>
   </div>
   <div class='ocr_carea' id='block_1_4' title="bbox 0 0 1818 5367">
    <p class='ocr_par' dir='ltr' id='par_1_7' title="bbox 0 0 1818 5367">
     <span class='ocr_line' id='line_1_50' title="bbox 0 0 1818 5367; baseline 0 1"><span class='ocrx_word' id='word_1_572' title='bbox 0 0 1818 5367; x_wconf 95' lang='lat' dir='ltr'> </span> 
     </span>
    </p>
   </div>
  </div>
 </body>
</html>
