3625 5367
754 282 782 339 θ.
805 296 896 340 nucu.
923 278 1083 351 leat-38.
1359 350 1364 359 ,
1527 279 1584 337 rm

254 435 419 499 disrumpere
444 443 523 497 utone
544 436 634 497 ionem
655 434 793 484 admovere
813 448 859 484 en·
907 425 1007 507 πόργον
1027 423 1228 486 καταλαόέσθαι
1245 422 1291 483 καί
1310 423 1358 496 τὴν
1374 424 1488 484 αὐλαίαν
1505 425 1584 505 θύραν

252 522 400 587 ptenttbus,
420 536 478 573 cnm
500 523 557 573 tom
582 524 857 587 comprehenderetur,
908 515 1071 597 βιαζομένων
1085 513 1132 573 καί
1144 514 1304 574 κελευόντων
1317 507 1370 593 πῦρ
1388 515 1525 594 προςάγιιν
1539 517 1586 573 καὶ

253 612 346 675 plodio
370 624 397 661 se
420 613 514 676 petitu
538 612 581 661 m.
602 611 704 675 eligens
728 612 859 662 nobiliter
907 606 954 673 τὰς
972 604 1051 684 θύρας
1070 604 1210 683 ὑφάπτειν,
1227 604 1461 681 περικατάληπτος
1472 603 1585 681 γενόμε-

253 701 322 750 more'
338 700 439 765 potins,
455 714 535 763 cuum
553 702 675 751 subditus
689 702 750 766 fieri
763 715 858 766 pecco·
906 718 948 761 νος
973 692 1104 764 ὑπέθηκεν
1133 695 1221 772 ἑαυτῷ
1249 691 1279 750 τὸ
1302 689 1383 770 ξίρος·
1405 694 1455 751 ld.
1477 694 1587 771 εὐγενῶς

253 789 354 838 toribus
375 797 399 839 et
418 796 514 839 contro
532 789 640 840 natales
659 804 719 839 snos
734 791 858 853 tndtpnts
906 783 989 842 θέλων
1002 783 1156 854 ἀποθανεῖν,
1170 780 1239 859 ἤπερ
1254 788 1307 847 τοῖς
1319 779 1465 859 ἀλιτηρίοις
1479 783 1587 859 ὑποχεί-

253 878 367 927 r'nr'nrtts
392 880 449 941 epi.
465 877 508 929 lt.
522 880 572 927 Sed
595 892 653 928 cnm
671 892 721 943 per
739 878 857 945 {estime-
907 895 960 949 ριος
974 871 1096 949 γενέσθαι
1111 870 1158 929 καὶ
1175 874 1222 942 τῆς
1239 868 1306 935 ἰδίας
1320 868 1455 946 εὐγενείας
1474 868 1586 938 ἀναξίως

253 968 352 1016 tionem
366 980 422 1017 non
441 973 511 1017 certo
530 970 585 1018 ictn
604 967 715 1032 plepem
729 967 853 1027 dedisset,
905 958 1073 1039 tripertitum.
1088 961 1137 1020 43.
1151 961 1194 1038 Τῇ
1207 957 1234 1017 δὲ
1246 960 1338 1037 πλιςγίξΙ
1354 958 1392 1033 μὴ
1407 958 1584 1028 κατευθικτή-

254 1062 277 1105 et
291 1055 384 1105 turbae
399 1056 475 1105 tntro
486 1058 556 1106 ostio
567 1058 758 1121 irrumperent,
771 1070 858 1106 recnr-
906 1072 955 1116 σας
979 1048 1022 1107 διά
1045 1047 1094 1120 τὴν
1117 1053 1164 1106 τοῦ
1187 1049 1286 1124 ἀγῶνος
1310 1045 1439 1119 σπουδὴν,
1461 1048 1507 1105 καὶ
1531 1049 1586 1104 τῶν

254 1157 315 1194 rens
330 1144 459 1194 audacter
479 1146 515 1195 cd
534 1158 650 1205 murum,
665 1146 858 1210 praecipitauit
904 1136 994 1218 ὄχλων
1024 1135 1088 1196 τίσω
1123 1139 1176 1195 τῶν
1207 1135 1371 1214 θυρωμιίσων
1404 1134 1588 1202 ελςόαλόντων,

169 1225 173 1233 ’
253 1234 422 1298 semetipsum
437 1232 559 1285 viriliter
574 1236 605 1282 ιἰι
620 1236 723 1285 turbas.
906 1225 1066 1306 ἀναδραμὼν
1082 1224 1208 1303 γενναίως
1226 1222 1270 1284 ἐπὶ
1286 1224 1316 1281 τὸ
1338 1231 1436 1303 τεῖχος,
1453 1227 1588 1302 κατεκρή-

909 1338 999 1391 μνισεν
1014 1314 1107 1373 ίαυτὸν
1122 1314 1260 1393 ἀνδρωδῶς
1274 1314 1310 1380 είς
1324 1311 1385 1380 τούς
1397 1312 1501 1393 ὄχλους.

292 1410 335 1461 lt.
353 1411 453 1470 Quibus
478 1411 603 1463 uelociter
625 1412 709 1462 locum
730 1413 858 1463 dontibus
949 1408 999 1465 44.
1016 1405 1079 1464 Τῶν
1099 1402 1127 1463 δὲ
1149 1401 1251 1481 ταχέως
1266 1399 1495 1477 ἀναποδισάντων,
1510 1424 1587 1478 γενο-

253 1500 328 1549 corut
348 1501 407 1549 etus
426 1501 499 1551 uenit
517 1514 567 1566 per
585 1502 700 1551 medinm
722 1503 857 1553 ceruicem.
908 1493 989 1569 μένου
1020 1488 1209 1567 διαστήματος,
1235 1480 1298 1561 ἦλθε
1327 1489 1396 1549 κατδι
1428 1487 1510 1559 μέσον
1541 1491 1586 1547 τὸν

255 1587 298 1637 45.
321 1588 355 1637 Et
380 1602 438 1637 cum
467 1589 553 1639 adbuc
581 1592 711 1653 spiraret,
736 1604 859 1641 accensus
906 1579 1177 1641 κενεῶνα.45.Ἔτι
1200 1577 1227 1637 ii
1248 1578 1364 1655 ἔμπνους
1386 1578 1517 1659 ὑπάρχων·
1540 1581 1585 1635 καὶ

254 1677 346 1725 animo
377 1678 505 1737 surrexit,
528 1684 552 1727 et
576 1692 634 1727 cum
662 1680 775 1742 sompnis
801 1680 858 1729 etus
906 1668 1095 1750 πεπυρωμένος
1113 1672 1168 1736 τοῖς
1188 1674 1290 1745 θυμοῖς,
1305 1666 1451 1736 ἀξοναστάς
1470 1666 1585 1748 φερομέ-

255 1778 352 1827 macno
378 1764 453 1827 ssusa
483 1766 608 1829 deflueret
638 1774 662 1816 ct
688 1769 858 1830 prootsstmr's
905 1782 957 1817 νων
984 1758 1126 1838 κρουνηδθν
1154 1759 1207 1814 τῶν
1237 1755 1359 1833 αἱμάτων
1381 1756 1427 1813 καὶ
1451 1756 1582 1834 δυςχερῶν

254 1852 411 1903 uulneribus
431 1862 497 1903 esset
516 1856 732 1914 concinnentem
754 1857 860 1906 turbam
906 1851 989 1905 ὄντοιν
1013 1850 1065 1905 τῶν
1092 1845 1264 1925 τραυμάτων,
1287 1845 1377 1925 δρόμῳ
1403 1843 1462 1910 τοὺς
1492 1844 1585 1923 ὄχλους

253 1942 426 2005 pertransite,
439 1942 482 1992 46.
494 1950 518 1992 et
533 1950 612 1993 stans
624 1957 708 2008 supro
723 1945 860 2009 qnondam
907 1935 1027 2010 διελθὼν,
1042 1939 1092 1996 46.
1107 1935 1151 1993 καὶ
1167 1932 1233 2000 στδις
1247 1932 1374 1999 ἀπότινος
1388 1931 1487 2011 πέτρας
1502 1934 1585 2011 ἀπορ-

254 2037 358 2094 petrum
384 2038 562 2095 praeruptam
583 2038 608 2081 et
636 2034 692 2082 inm
716 2036 860 2097 ensnnpnts
907 2027 1000 2102 ρῶγος,
1036 2024 1173 2089 παντελῶς
1212 2020 1318 2097 ἔξαιμος
1351 2020 1406 2093 ἤδη
1440 2021 1589 2099 γενόμενος,

254 2120 369 2180 effectus,
379 2119 528 2183 complexus
537 2122 669 2169 intestino
679 2136 728 2172 sun
740 2123 860 2186 utrisque
906 2110 1048 2193 προόαλύιν
1063 2110 1097 2169 τὰ
1111 2112 1207 2190 ἔντερα
1219 2110 1265 2168 καὶ
1276 2108 1369 2169 λαόύιν
1381 2110 1520 2189 ἑκατέραις
1532 2110 1589 2174 ταῖς

255 2206 380 2255 monibus
394 2208 507 2269 proiecit
520 2222 601 2272 snper
614 2209 718 2269 turbas,
731 2211 860 2259 inuocans
905 2200 998 2278 χερσὶν
1023 2200 1137 2257 ἐνέσεισε
1158 2207 1212 2264 τοῖς
1235 2196 1335 2276 ὄχλοις,
1355 2199 1401 2255 καὶ
1425 2197 1588 2255 ἐπικαλεσά-

255 2296 448 2345 domc'notorem
470 2297 541 2345 vitoe
561 2310 591 2345 nc
609 2299 733 2360 spiritus,
749 2305 777 2347 nt
798 2300 860 2347 boec
908 2310 986 2363 μενος
1017 2286 1061 2345 τὸν
1094 2285 1257 2355 δεσπόζοντα
1289 2289 1336 2356 τῆς
1366 2288 1435 2356 ζωῆς
1464 2284 1511 2344 καὶ
1543 2290 1589 2343 τοῦ

255 2382 301 2433 tllr'
336 2384 431 2432 iterum
461 2384 581 2433 redderet
589 2398 597 2442 ;
625 2391 703 2449 atque
733 2386 773 2435 tto
801 2388 859 2435 utto
908 2376 1057 2451 πνεόματος
1090 2379 1176 2432 ταῦτα
1213 2374 1285 2451 αὐτῷ
1317 2372 1399 2433 πάλιν
1432 2374 1586 2445 ἀποδοῦναι,

256 2472 395 2537 defunctus
410 2480 457 2522 est.
910 2464 984 2523 τόνδε
998 2466 1043 2522 τὸν
1058 2461 1156 2542 τρόπον
1172 2460 1348 2539 μετήλλαξεν.

298 2645 457 2731 Nicanor,
484 2654 523 2715 ut
547 2647 648 2713 minis
669 2648 740 2715 suis
762 2650 897 2739 pondus
921 2648 1065 2717 adderet
1084 2654 1118 2715 et
1141 2654 1355 2715 momentum
1379 2647 1589 2737 ludaeosque

253 2754 547 2843 perterrelaceret,
572 2759 605 2820 et
619 2775 718 2821 suum
740 2755 778 2821 in
798 2778 856 2821 eos
872 2755 990 2823 odium
1009 2778 1048 2823 ac
1062 2759 1302 2844 contemptum
1320 2755 1476 2844 exemplo
1494 2754 1590 2820 exhi-

255 2858 364 2941 beret,
384 2858 484 2925 avide
506 2882 587 2928 usus
607 2865 656 2927 est
678 2862 857 2929 occasione
879 2885 949 2952 qua
965 2862 997 2929 ei
1014 2861 1125 2942 Razis,
1147 2862 1199 2927 vir
1224 2860 1351 2928 nobilis
1375 2866 1409 2928 et
1435 2864 1589 2928 omnium

254 2965 489 3032 aestimatione
518 2967 816 3049 honoratissimus,
847 2968 1123 3037 denuntiabatur
1145 2972 1322 3058 tamquam
1354 2968 1415 3057 qui
1443 2969 1589 3034 maxime

256 3070 343 3158 legis
362 3071 616 3140 observantiam
635 3074 741 3143 tuitus
763 3082 863 3143 esset.
882 3080 1011 3143 Nomen
1034 3076 1142 3142 fertur
1165 3097 1304 3164 quoque
1328 3078 1451 3159 Ραξεις,
1472 3078 1588 3158 Petne,

258 3182 371 3265 Ραχις;
387 3183 407 3245 S
422 3180 595 3264 Ragesch3
620 3184 710 3259 Ραζις
727 3181 798 3247 lere
815 3202 878 3246 nos
892 3180 1038 3246 remittit
1057 3180 1101 3247 ad
1122 3195 1167 3272 tt]
1187 3180 1324 3258 macies,
1346 3181 1454 3259 tabes,
1472 3181 1591 3268 perni-

256 3282 340 3363 cies;
360 3283 426 3349 erit
443 3281 561 3371 itaque
580 3305 770 3369 cognomen
790 3284 865 3351 viro
886 3307 926 3351 ex
945 3289 1070 3351 eventu
1093 3282 1251 3352 luctuoso
1273 3284 1443 3350 additum.
1462 3285 1591 3352 Laudes

255 3387 446 3456 visisunt:
477 3394 551 3456 crat
577 3389 707 3457 amicus
732 3390 873 3473 civium,
907 3391 991 3457 boni
1025 3390 1141 3479 itaque
1178 3389 1373 3457 communis
1403 3389 1587 3474 studiosus,

255 3494 387 3585 optima
401 3496 494 3563 fama
507 3495 602 3586 apud
615 3518 732 3563 omnes
748 3497 905 3583 insignis,
927 3498 972 3564 ob
989 3497 1266 3564 benevolentiam
1282 3498 1476 3587 appellatus
1493 3501 1592 3587 pater

257 3600 482 3684 ludaeorum3
499 3602 561 3669 ista
583 3594 741 3670 Nicanori
763 3603 988 3671 denuntiatus
1007 3609 1068 3670 est.
1091 3606 1178 3671 Cur?
1199 3603 1341 3670 affertur
1361 3606 1450 3669 ratio
1469 3626 1592 3689 graece

255 3728 288 3774 v.
304 3714 358 3790 38,
376 3714 411 3792 ἦν
427 3712 498 3797 γὰρ,
514 3709 598 3776 item
612 3714 649 3789 83
666 3710 696 3777 is
710 3710 804 3777 enim
820 3709 994 3800 prioribus
1009 3710 1225 3798 temporibus
1239 3728 1294 3794 τῆς
1307 3709 1447 3794 αἰμιξίοις1
1464 3710 1592 3776 incom-

256 3813 424 3881 mistionis
445 3814 573 3905 (Lep),
596 3816 847 3904 segregationis
867 3816 902 3903 (a
917 3816 1091 3902 gentibuS,
1112 3815 1253 3904 Galen),
1273 3816 1378 3902 fugae
1393 3816 1590 3883 commercii

256 3940 335 3988 cnm
360 3920 519 4010 paganis,
545 3922 686 4012 proprie
708 3922 900 3990 discordiae
926 3922 1103 3991 invexerat
1128 3920 1315 3990 discrimen
1341 3921 1515 4003 Iudaismi,
1540 3923 1593 3989 vel

255 4025 432 4092 decretum
447 4028 469 4094 i.
492 4050 522 4093 e.
546 4050 650 4118 quam
666 4030 813 4096 maxime
838 4028 1042 4109 contulerat,
1061 4033 1097 4095 ut
1118 4029 1310 4096 Iudaismus
1328 4051 1435 4118 purus
1456 4051 1592 4096 conscr-

257 4135 415 4215 varetur;
440 4133 674 4201 continentiae
697 4141 856 4224 tempora
882 4135 993 4225 (vulg)
1017 4136 1139 4203 eodem
1168 4134 1269 4202 modo
1294 4136 1439 4224 explica,
1466 4135 1591 4224 quibus

255 4236 328 4303 scil.
347 4260 419 4305 sese
442 4261 462 4304 a
482 4240 684 4308 commercio
704 4242 931 4331 moribusque
956 4242 1233 4330 alienigenarum
1254 4242 1488 4324 continebant,
1507 4263 1586 4308 con-

256 4343 366 4411 tinere
397 4344 580 4413 debebant.
605 4352 644 4414 ut
671 4370 734 4437 pro
759 4346 930 4416 ludaismo
955 4370 1080 4437 corpus
1109 4354 1141 4414 et
1168 4348 1332 4427 animam,
1365 4347 1483 4430 vitam,
1510 4370 1587 4415 cum

292 4611 312 4655 t.
329 4606 359 4657 ln
373 4606 494 4669 psalterio
510 4610 606 4662 Selom.
625 4616 681 4673 2,14
696 4612 792 4676 legitur
804 4613 835 4663 de
850 4614 900 4663 hoc
917 4616 1033 4678 tempore
1050 4631 1056 4661 :
1074 4614 1199 4677 θυγατέρες
1214 4612 1402 4677 Ἰερουσαλὴμ...
1416 4609 1520 4675 ἐμίαινον
1536 4614 1590 4663 ἔαυ-

258 4687 299 4743 τάς
313 4686 338 4737 tv
351 4692 436 4753 ρυρμῷ
450 4690 573 4754 ἀναμιξίας
587 4690 632 4755 (el.
650 4693 715 4757 Gn).

1686 4697 1791 4785 ,sae
