3625 5367
1264 13 1800 210 ’Ἢ

288 420 346 477 rac
795 418 822 475 t.
846 430 939 514 ulca.
961 415 1097 488 saa-ao.

34 561 35 570 ¹
162 557 165 562 ’
188 546 195 560 ’
288 564 468 655 gentilium
486 571 519 633 cl
540 564 698 633 liberiori
713 564 804 632 vitae
824 563 951 633 rationi
969 563 1133 642 faverint3
1159 562 1197 629 id
1221 562 1433 653 quodetiam
1454 584 1495 629 cx
1513 584 1624 652 parvo

286 695 432 740 numero
448 672 598 740 militum
615 679 671 755 9,5
688 671 906 740 manifestum
921 675 983 752 est,
1000 675 1145 756 ὲξέκυψαν
1160 669 1183 736 i.
1201 691 1232 737 e.
1247 669 1387 760 proprie
1407 671 1625 736 incurvantes

286 803 321 848 se
335 786 594 870 prospexerunt,
616 780 733 868 itaque
753 781 852 846 caute
877 800 895 844 e
915 776 1071 846 latibulis
1090 783 1304 844 emerserunt
1319 786 1344 844 οἱ
1364 783 1468 860 ἄνομοι
1482 780 1622 866 aposta-

287 893 342 954 tae
358 886 491 968 ludaei,
513 892 547 953 et
563 884 664 954 simul
687 906 764 953 cum
783 885 866 974 ipsis
883 883 988 952 etiam
1006 883 1155 972 gentiles
1179 884 1215 950 in
1232 881 1356 951 ludaea
1378 883 1513 950 incolae
1534 883 1622 948 etin

288 993 432 1061 circuitu
447 1015 553 1061 novas
571 991 688 1082 adepti
700 997 780 1060 sunt
793 991 893 1058 vires.
912 997 946 1058 ln
966 988 1076 1057 altero
1102 989 1258 1058 membro
1275 989 1379 1056 simul
1392 989 1621 1075 alienigenae,

288 1101 402 1167 hostes
416 1100 529 1180 lsrael,
540 1098 715 1185 designari
728 1097 900 1166 videntur.
919 1096 970 1162 Ad
986 1118 1090 1187 quam
1106 1094 1281 1164 miseriam
1294 1095 1363 1162 alia
1375 1094 1514 1163 accessit
1532 1096 1626 1163 cala·

288 1206 388 1273 mitas
396 1229 427 1272 v.
443 1211 486 1273 at
502 1227 659 1273 annonae
674 1205 812 1289 caritaS,
826 1207 938 1293 sames
949 1225 1079 1294 utaque
1093 1202 1212 1286 ualde;
1227 1208 1275 1272 καὶ
1287 1210 1490 1287 ηὐτομόλησεν
1503 1215 1522 1288 ἡ
1537 1204 1624 1292 χώρα

290 1315 353 1397 μετ’
368 1319 475 1394 αὐτῶν,
492 1312 570 1402 ipsa
582 1333 720 1401 quoque
740 1316 845 1391 terra,
863 1310 950 1377 alias
964 1309 1061 1377 valde
1075 1311 1255 1396 frugifera,
1269 1308 1428 1376 cumillis
1446 1309 1624 1396 transfuga

288 1419 379 1486 sacta
393 1422 454 1502 est,
469 1418 513 1486 ad
528 1420 642 1486 hostes
655 1417 790 1485 transiit
803 1415 901 1507 quasi
915 1423 949 1483 et
963 1416 1038 1506 pios
1049 1417 1108 1483 Dei
1122 1415 1269 1484 cultores
1282 1415 1477 1506 dereliquit,
1492 1437 1627 1504 negans

290 1525 363 1592 scil.
378 1523 419 1592 iis
437 1526 554 1612 lruges
568 1531 601 1593 et
619 1523 759 1591 victum.
784 1529 874 1591 Bene
898 1545 1035 1592 sensum
1055 1523 1216 1614 exprimit
1231 1545 1247 1588 s
1263 1553 1271 1594 ε
1288 1529 1323 1590 et
1335 1528 1428 1590 terra
1440 1543 1513 1590 sese
1541 1545 1622 1589 con-

289 1630 400 1698 iunxit
425 1630 662 1721 (conspiravit)
685 1652 762 1699 cum
782 1629 847 1714 eis;
864 1630 949 1698 item
973 1630 1108 1697 videtur
1138 1628 1313 1697 declarare
1335 1633 1356 1696 S
1376 1651 1385 1698 ε
1404 1635 1437 1696 et
1461 1633 1624 1720 corrupta

290 1743 340 1806 est
352 1739 454 1805 etiam
467 1744 559 1806 terra
572 1759 651 1806 cum
668 1736 728 1804 eis.
751 1737 844 1815 Quod
860 1738 943 1824 vulg
962 1736 1067 1804 habat
1081 1739 1116 1803 et
1127 1734 1274 1803 tradidit
1292 1758 1326 1802 re
1339 1735 1445 1826 regio,
1463 1757 1511 1803 sc.
1528 1737 1626 1803 inco·
1759 1728 1762 1734 ’

290 1843 344 1911 lae
357 1844 509 1932 regionis
521 1844 755 1912 adhaeserunt
769 1843 925 1933 partibus
938 1842 1137 1932 impiorum,
1154 1844 1413 1930 transfugerunt
1425 1841 1470 1910 ad
1483 1842 1624 1910 Bacchi-

290 1950 381 2029 dem,
396 1955 434 2016 ut
449 1973 575 2040 panem
590 1951 798 2040 acciperent,
816 1949 877 2016 alii
890 1971 1029 2040 quoque
1046 1950 1275 2040 explicarunt;
1287 1956 1322 2016 at
1334 1948 1431 2039 prior
1445 1949 1630 2040 explicatio

290 2055 414 2123 melius
431 2055 593 2144 congruit
611 2062 644 2124 et
663 2055 779 2123 verbis
797 2062 832 2122 et
851 2057 981 2135 sensui;
998 2057 1041 2123 cl.
1063 2060 1115 2124 Os.
1134 2064 1192 2140 9,2
1214 2055 1331 2122 vinum
1353 2055 1539 2124 mentietur
1558 2055 1621 2136 eis;

291 2163 376 2230 Bab.
394 2168 474 2245 3,1'l
490 2163 678 2230 mentietur
696 2184 782 2253 opus
798 2162 909 2230 olivae
927 2168 992 2229 etc.
1020 2168 1082 2230 lcr.
1107 2169 1185 2245 333
1200 2163 1381 2231 mendaces
1396 2171 1494 2230 erant
1507 2163 1623 2230 colles.

338 2275 482 2360 Insuper
496 2268 541 2336 ad
551 2269 628 2362 pios
645 2267 819 2339 vexandos
838 2275 873 2338 et
890 2291 1004 2337 mores
1022 2291 1163 2357 graecos
1177 2269 1423 2360 propagandos
1439 2269 1627 2336 Bacchides
1751 2319 1754 2324 .

293 2376 386 2443 viros
402 2375 528 2466 impios
542 2379 659 2458 ἁσεόεϊς
674 2375 851 2444 constituit
862 2377 1098 2463 magistratus,
1114 2378 1317 2466 praefectos,
1331 2375 1627 2443 administratores

293 2505 326 2550 v.
344 2489 399 2552 25.
419 2482 459 2549 lli
474 2504 554 2549 vero
569 2483 661 2551 inter
673 2483 743 2550 alia
763 2481 979 2570 indagabant
997 2487 1030 2548 et
1048 2483 1143 2551 omni
1163 2505 1245 2550 cura
1260 2482 1483 2572 exquirebant
1497 2480 1626 2548 amicos

292 2588 512 2678 ludae3quos
534 2591 726 2680 prehensos
747 2590 910 2658 Bacchidi
933 2590 1111 2673 sistebant,
1140 2589 1201 2679 qui
1225 2589 1263 2657 in
1286 2611 1343 2657 eos
1366 2588 1565 2656 vindicabat
1592 2593 1627 2655 et

293 2717 421 2785 poenas
439 2693 485 2762 ab
506 2695 549 2763 iis
564 2697 757 2787 expetebat,
776 2707 809 2763 et
832 2694 999 2765 illudebat
1015 2697 1039 2764 i.
1060 2721 1090 2764 e.
1109 2717 1225 2764 eorum
1245 2717 1354 2780 sacra,
1371 2697 1497 2783 legem,
1515 2694 1627 2785 pieta·

293 2808 375 2886 tem,
390 2801 495 2872 irrisu
512 2808 546 2869 et
564 2804 761 2893 opprobriis
780 2802 1016 2872 insectabatur
1029 2825 1062 2870 v.
1079 2810 1133 2870 26.
1151 2807 1197 2869 Ex
1216 2803 1342 2893 quibus
1357 2801 1518 2870 omnibus
1530 2806 1626 2869 tanta

293 2914 411 2976 exorta
430 2913 481 2975 est
494 2908 673 2976 tribulatio
686 2909 723 2976 in
739 2910 843 2976 lsrael
863 2917 993 2999 quanta
1012 2911 1163 2977 nonfuit
1181 2933 1221 2976 ex
1240 2912 1393 3000 quoiam
1414 2931 1484 2977 non
1503 2907 1628 2976 exstitit

292 3015 464 3105 propheta
475 3013 512 3081 in
525 3016 630 3082 lsrael
643 3038 677 3082 v.
695 3022 755 3097 27;
770 3017 795 3081 i.
809 3037 838 3081 e.
857 3037 897 3083 ex
912 3022 1066 3106 tempore
1085 3017 1269 3084 Malachiae
1289 3016 1398 3083 maior
1417 3037 1488 3084 non
1503 3013 1629 3083 exstitit

292 3121 442 3190 miseria.
462 3123 536 3187 Non
550 3120 625 3190 sine
640 3120 760 3188 dolore
775 3127 1067 3197 commemoratur
1085 3122 1238 3191 defectus
1252 3123 1473 3213 prophetiae;
1490 3122 1577 3189 alias
1591 3120 1627 3186 in

293 3226 547 3296 calamitatibus
565 3229 758 3318 prophetae
779 3228 1056 3312 consolabantur,
1077 3229 1330 3312 confortabant,
1346 3229 1457 3316 legem
1480 3227 1537 3296 Dei
1558 3233 1628 3295 tue·

293 3335 434 3416 bantur,
449 3334 556 3401 fidem
569 3357 609 3401 ac
624 3335 785 3424 pietatem
801 3334 1053 3416 sustentabant;
1071 3339 1227 3426 tempore
1248 3335 1495 3426 persecutionis
1512 3334 1631 3401 Antio·

296 3439 352 3507 chi
376 3440 495 3507 aderat
508 3441 721 3525 hlatbathias,
741 3447 818 3531 post
832 3464 912 3509 eum
932 3441 1031 3510 ludas
1049 3444 1275 3512 Machabaeus
1290 3481 1334 3492 -
1345 3464 1437 3510 nunc
1456 3463 1538 3508 vero
1553 3441 1627 3506 sine

296 3546 476 3635 propheta,
493 3546 566 3613 sine
581 3545 668 3614 duce
683 3549 824 3638 impune
845 3546 1089 3636 grassabantur
1103 3549 1213 3639 impii,
1231 3549 1443 3617 vexabantur
1457 3547 1518 3637 pii.

206 3661 211 3669 “
341 3657 432 3742 Opus
452 3651 570 3743 itaque
598 3675 681 3736 esse,
699 3659 737 3721 ut
758 3655 907 3723 alterum
933 3655 1056 3723 ducem
1078 3661 1112 3723 et
1130 3661 1233 3745 caput
1255 3655 1321 3723 sibi
1343 3655 1526 3742 eligerent,
1549 3675 1629 3720 mox

296 3758 416 3828 fidelos
438 3761 497 3844 Dei
512 3761 658 3829 cultores
678 3759 855 3851 iidemque
873 3760 956 3829 olim
970 3762 1071 3829 amici
1092 3763 1195 3829 ludae
1210 3761 1463 3831 intellexerunt.
1480 3760 1547 3828 Sed
1566 3781 1630 3827 cur

296 3865 361 3956 ipsi
376 3866 478 3934 Iudae
495 3865 618 3934 fratres
630 3888 700 3934 non
714 3869 830 3934 statim
840 3868 1005 3936 ducatum
1015 3873 1291 3966 assumpserunt?
1307 3874 1429 3936 Verum
1445 3872 1628 3957 postquam

295 3979 366 4038 tam
386 3972 487 4038 multi
506 3972 627 4040 hidam
646 3973 903 4062 dereliquerunt
920 3977 1004 4064 (7,6.
1026 3983 1073 4064 t),
1091 3975 1133 4042 iis
1147 3975 1288 4042 minime
1307 3973 1502 4042 consultum
1519 3972 1630 4040 videri

295 4075 416 4143 debuit
431 4076 574 4166 proprio
586 4083 694 4145 marte
708 4080 940 4168 principatum
954 4080 1022 4148 sibi
1036 4082 1237 4150 attribuere.
1253 4080 1405 4149 Tandem
1420 4079 1481 4169 qui
1492 4080 1630 4147 fuerant

296 4181 443 4250 asseclae
463 4182 566 4250 ludae
587 4183 723 4251 animos
741 4184 955 4272 collegerunt
972 4192 1005 4255 et
1026 4187 1201 4276 congressi
1220 4188 1380 4256 adierunt
1399 4186 1569 4254 lonathan
1596 4209 1626 4252 v.

295 4295 354 4371 283
367 4310 531 4378 magnum
547 4289 707 4357 tribuunt
720 4294 916 4360 encomium
931 4293 1032 4361 ludae
1043 4317 1051 4378 ;
1061 4295 1128 4362 iam
1140 4316 1210 4361 non
1225 4316 1296 4363 esse
1309 4296 1421 4362 virum
1437 4293 1469 4361 ei
1481 4291 1629 4359 similem

295 4397 357 4488 qui
374 4401 508 4486 pugnet
522 4402 642 4465 contra
659 4397 775 4466 hostes
791 4403 825 4466 ct
838 4399 1045 4468 Bacchidem
1066 4405 1100 4468 ct
1113 4402 1150 4468 in
1163 4401 1359 4470 universum
1373 4407 1493 4468 contra
1510 4398 1631 4465 iuimi-

296 4527 352 4573 cos
376 4512 513 4573 nostrae
533 4505 666 4594 stirpis;
687 4511 876 4595 tptpatvcoci
892 4506 953 4596 qui
967 4529 1030 4574 nos
1054 4509 1133 4576 odio
1159 4507 1301 4588 habent,
1318 4507 1565 4574 abominantur
1588 4543 1635 4552 -

297 4619 326 4679 ἐν
342 4629 417 4693 τοῖς,
436 4618 466 4680 ὲν
481 4611 533 4678 uti
547 4612 635 4678 hcbr
647 4631 667 4680 2
680 4618 809 4697 contra,
828 4619 861 4679 et
882 4612 1105 4703 participium
1123 4615 1263 4704 ponitur
1276 4618 1454 4703 tamquam
1472 4613 1633 4680 substan-

296 4717 422 4800 tivum,
440 4723 461 4785 S
476 4723 594 4786 contra
609 4719 761 4786 odientes
777 4742 839 4787 nos
856 4743 896 4786 ex
918 4720 999 4788 filiis
1013 4719 1134 4810 populi
1149 4720 1260 4788 nostri
1275 4725 1353 4810 (sut
1372 4719 1524 4808 graece).
1543 4723 1634 4786 Loco

298 4823 402 4890 ludac
417 4823 536 4914 itaque
551 4823 688 4911 eligunt
704 4827 871 4894 lonathan
887 4830 929 4908 εἷς
951 4835 1082 4917 ἄρχοντα
1103 4833 1150 4896 καὶ
1179 4838 1345 4914 ἡγούμενον
1370 4844 1420 4896 τοῦ
1447 4837 1634 4910 πολεμῆσαι.
