3625 5367
218 325 275 382 182
720 320 747 376 l.
770 333 863 377 lacn.
890 315 1046 386 tour-26.

220 478 372 526 rationibus
396 478 468 540 cepis
492 489 560 538 quae
581 488 620 522 me
649 474 821 536 continentum
869 464 983 523 καπέντε
1009 463 1134 543 χιλιάδας
1156 464 1255 523 σίκλων
1278 461 1402 544 ἀργυρίου
1425 460 1477 519 ἀπὸ
1498 463 1550 518 τῶν

220 567 262 615 ll.
281 573 394 614 aramue
410 566 479 628 qrrod
496 564 630 626 reliquum
645 562 738 627 sicarie,
755 559 824 624 quood
869 554 954 633 λόγοιν
967 558 1014 612 τοῦ
1033 552 1162 632 βασιλέως
1177 553 1231 611 circii
1249 557 1301 611 τῶν
1319 551 1407 611 τόπων
1422 553 1473 608 τῶν
1489 551 1553 619 ἀντ,-

219 670 274 703 -ιιοιι
290 652 824 716 reddiderantquisccperneootiaerant
870 643 978 702 κόντυιν·
1003 645 1052 702 ll.
1082 643 1128 700 uari
1157 651 1210 701 πᾶν
1238 641 1268 701 τὸ
1300 641 1442 708 πλεονάζον
1468 638 1481 696 δ
1507 639 1552 696 οὐκ

220 741 679 807 aurrispriortbuseatroedatuut
697 741 825 802 tuopeco
870 731 1030 790 ἀπεδίδοσαν
1059 732 1082 789 oi
1107 730 1160 790 ἀπὸ
1186 733 1239 790 τῶν
1264 733 1361 810 χρειῶν
1390 731 1425 794 ὡς
1449 731 1475 786 ἐν
1499 736 1553 794 τοῖς

220 833 321 880 dutinus.
338 829 718 896 tarnmperruecqutuque
734 826 824 877 mittio
869 819 985 900 πρώτοις
1015 817 1107 887 ἔτεσιν,
1137 819 1255 879 ἀπὸτοῦ
1285 825 1337 878 νῦν
1361 816 1488 876 δώσουσιν
1517 819 1553 881 εἷς

221 921 346 969 siclorum
369 921 484 983 arpenti,
509 933 576 982 quae
598 917 766 983 accipiebant
793 917 824 964 de
869 908 903 967 τὰ
925 908 989 986 ἔργα
1008 913 1055 966 τοῦ
1070 908 1215 969 niuno-ll.
1235 909 1290 969 Καί
1307 907 1351 965 tut
1371 907 1471 971 τούτοις
1492 928 1553 962 πεν-

221 1018 372 1058 stricturum
396 1011 502 1058 ratione
520 1022 569 1072 per
589 1006 822 1069 stupratosanuos,
870 997 1051 1076 τοκισχιλίους
1079 997 1185 1064 σίκλους
1213 997 1338 1076 ἀργυρίου
1363 995 1405 1062 oisc
1434 993 1553 1070 ἑλοίμόα-

220 1107 243 1145 rt
259 1100 322 1147 haec
338 1099 372 1147 od
386 1099 533 1148 sacerdotes
546 1098 703 1162 pertineant
719 1095 765 1156 qut
776 1094 824 1141 mi·
870 1108 913 1144 νον
930 1087 982 1144 tut
996 1089 1048 1145 τῶν
1066 1089 1161 1165 χρειῶν
1182 1091 1228 1144 τοῦ
1246 1085 1322 1162 ἁγίου
1339 1083 1392 1143 tat
1412 1083 1552 1160 τοῦλόγου

221 1189 334 1236 arietaria
360 1187 522 1250 [unguntur.
549 1186 591 1236 43.
613 1187 645 1234 Et
668 1185 825 1246 quicumque
870 1177 930 1234 κατ’
961 1174 1090 1245 ἐνιαυτὸν,
1123 1177 1170 1234 καὶ
1200 1180 1284 1234 ταῦτα
1313 1173 1419 1256 ἀφίεται
1448 1171 1491 1230 δεδι
1524 1171 1554 1230 τό

221 1276 391 1338 constituerint
407 1278 439 1324 ιἰι
455 1275 582 1340 temptum
597 1274 667 1337 quood
679 1279 719 1320 est
737 1273 769 1321 in
782 1271 825 1319 le·
872 1261 978 1332 ἀνήκειν
998 1263 1065 1320 etit
1086 1268 1139 1331 τοῖς
1161 1265 1258 1342 ἱερεῦσι
1280 1271 1336 1329 τοῖς
1359 1265 1551 1342 λειτουργοῦσι.

221 1366 339 1412 ruentem
366 1372 389 1412 et
419 1365 450 1413 tn
478 1363 601 1413 omnibus
628 1362 727 1427 finitus
756 1361 824 1416 elus,
871 1355 920 1414 43.
938 1351 991 1412 Kal
1014 1351 1070 1411 ὅσοι
1091 1353 1122 1410 ἂν
1143 1352 1260 1434 ρόγιιισιν
1280 1354 1317 1416 εἰς
1334 1351 1364 1410 τὸ
1386 1351 1456 1429 ἱερὸν
1477 1349 1507 1407 τὸ
1527 1353 1554 1406 ἐν

221 1453 331 1500 obnoxii
349 1453 408 1515 repa·
429 1454 461 1501 ιἰι
474 1453 547 1500 omni
560 1452 667 1514 necatio
682 1450 826 1498 dimittan-
872 1439 1069 1518 Ἱεροσολύμοις
1089 1441 1134 1500 uui
1159 1444 1186 1500 ἐν
1206 1451 1273 1501 πᾶσι
1292 1441 1346 1506 τοῖς
1365 1441 1443 1516 ὁρίοις
1461 1439 1552 1516 αὐτοῦ,

224 1548 305 1589 trcrct
326 1542 454 1591 unirersa
471 1554 539 1603 quae
561 1547 624 1590 estut
642 1541 725 1588 eisin
744 1550 826 1601 regno
871 1529 983 1609 ὀφείλων
1010 1529 1138 1608 βασιλικὰ
1162 1530 1208 1588 καί
1237 1539 1289 1588 πᾶν
1314 1537 1428 1608 πρᾶγμα
1453 1528 1554 1585 ἀπολε-

223 1644 277 1677 mco
300 1630 387 1680 libera
410 1630 537 1680 habeant.
555 1628 597 1679 ll.
620 1629 653 1678 Et
677 1629 711 1678 act
731 1626 826 1690 aedifi·-
872 1618 1014 1677 λόσθιοσαν
1034 1621 1079 1676 καὶ
1097 1617 1185 1677 πάντα
1205 1619 1256 1677 ὅσα
1275 1618 1347 1676 ἐστίν
1368 1618 1456 1682 αὐτοῖς
1474 1617 1501 1674 ir
1521 1619 1554 1692 τῇ

222 1719 308 1767 careda
326 1718 367 1768 oet
383 1720 564 1769 restauranda
579 1731 660 1782 opera
675 1723 828 1767 sanctorum
874 1705 997 1787 βασιλεία
1009 1731 1071 1783 μου.
1088 1711 1137 1768 tl.
1152 1706 1207 1768 Καί
1227 1711 1274 1765 τοῦ
1289 1707 1495 1782 οἰκοδομηθῆναι
1509 1702 1555 1761 καὶ

220 1809 341 1869 corruptus
375 1809 513 1857 dabuntur
541 1809 571 1856 de
603 1808 709 1857 ratione
739 1806 826 1867 recta·
872 1801 918 1855 τοῦ
941 1797 1155 1866 ίπικοιινισθῆναι
1178 1793 1211 1854 τθι
1235 1793 1300 1874 ἔργα
1323 1797 1374 1852 τῶν
1400 1793 1494 1871 ἁγίων,
1510 1791 1556 1852 καὶ

224 1896 266 1944 «λό.
289 1903 313 1942 rt
332 1896 366 1943 ad
386 1898 558 1945 exstruendos
577 1908 666 1945 muros
682 1892 827 1944 Ierusalem
873 1890 890 1955 ἡ
915 1884 1021 1953 δαιτόνη
1046 1883 1185 1956 δοθήσεται
1209 1885 1238 1942 ἐκ
1267 1888 1312 1941 τοῦ
1334 1884 1413 1960 λόγου
1434 1887 1480 1941 τοῦ
1507 1885 1555 1958 βα-

222 1992 245 2032 rt
275 1987 488 2034 communiendos
515 1986 544 2032 in
566 1985 681 2033 circuitu
708 1989 828 2045 sumptus
874 1972 974 2039 σιλίως
990 1977 1039 2034 45.
1059 1973 1104 2032 καί
1128 1979 1174 2032 τοῦ
1198 1973 1405 2049 οἰκοδομηθῆναι
1424 1968 1458 2030 sir
1478 1969 1555 2049 τείχη

223 2073 362 2122 actitatur
384 2073 414 2121 de
436 2074 541 2121 ratione
568 2073 639 2135 cecis
665 2079 690 2120 et
713 2070 749 2120 ad
764 2083 829 2118 eon·
874 2061 1055 2142 Ἰερουσαλὴμ
1078 2062 1124 2122 καὶ
1150 2063 1287 2142 ὀχυρῶσαι
1310 2061 1446 2134 κυκλόθεν,
1472 2057 1555 2128 καὶὴ

221 2163 360 2210 ακοντισαι
377 2161 635 2212 niurostnludaea.
875 2151 981 2220 δοτιοίνη
1008 2150 1147 2221 δοθήσεται
1177 2153 1207 2209 ἐκ
1231 2158 1276 2210 τοῦ
1302 2149 1382 2226 λόγου
1405 2153 1451 2207 τοῦ
1477 2152 1556 2222 βασι-

876 2241 950 2311 λέως,
969 2239 1015 2298 καί
1030 2244 1075 2299 τοῦ
1099 2241 1309 2314 οίκοδομηθῆνοι
1329 2239 1362 2297 τὰ
1381 2237 1458 2316 τείχη
1471 2235 1504 2294 et
1529 2237 1556 2293 ir

876 2332 910 2406 τῇ
932 2328 1061 2408 Ἰουδαίᾳ.

270 2479 459 2545 Demetrius
475 2478 616 2545 affectus
636 2483 686 2544 est
705 2477 855 2560 tristitia,
882 2501 961 2545 cum
986 2478 1134 2562 audiret,
1158 2477 1243 2568 quid
1268 2476 1456 2544 Alexander
1478 2495 1557 2542 cum

225 2586 390 2654 lonathan
415 2589 592 2652 tractasset
615 2607 648 2651 ν.
676 2591 735 2667 223
753 2606 788 2652 se
807 2585 920 2674 ipsum
942 2609 974 2652 ν.
998 2592 1046 2668 λθ,
1064 2584 1215 2653 desidiae
1233 2589 1369 2652 accusat
1391 2587 1426 2650 et
1449 2581 1559 2669 negli-

226 2692 376 2776 gentiae,
404 2692 498 2781 qnod
522 2691 715 2759 Alexander
733 2712 795 2756 nos
813 2692 1086 2782 praeoccupavit
1107 2701 1203 2780 φιλίαν
1224 2701 1400 2760 καταθέσθαι
1423 2711 1560 2778 canipa-

228 2821 303 2863 rare
319 2798 385 2863 sihi
405 2797 592 2864 amicitiam
615 2797 821 2865 ludaeorum
844 2803 887 2878 εἰς
912 2810 1072 2887 στήριγμα,
1097 2799 1130 2865 id
1150 2799 1243 2888 quod
1258 2797 1396 2865 firmum
1412 2795 1559 2863 fulcrum

227 2903 471 2970 dominationis
490 2903 562 2969 eius
583 2903 659 2968 erit.
677 2902 824 2969 Peritiae
844 2906 894 2970 rei
910 2905 1071 2971 militaris
1091 2912 1124 2972 et
1142 2903 1337 2972 fortitudini
1353 2903 1557 2970 ludaeorum

230 3009 445 3097 praeclarum
472 3006 628 3076 redditur
656 3008 901 3076 testimonium.
932 3011 1011 3078 Ideo
1042 3011 1117 3100 ipse
1153 3035 1290 3101 quoque
1322 3010 1470 3101 repetito
1495 3009 1560 3075 illis

229 3116 380 3182 scrihere
396 3115 473 3182 vult
493 3122 604 3201 'ut-,eug
623 3124 844 3203 παρακλήσεως
860 3117 968 3184 rerba
985 3119 1247 3200 exhortationis,
1266 3117 1390 3208 quibus
1412 3116 1560 3184 exciten-

228 3232 283 3290 tur
300 3229 337 3289 nt
351 3222 396 3290 ad
408 3229 522 3314 partes
535 3222 608 3290 eins
624 3245 659 3289 se
675 3221 881 3311 adiungant,
900 3231 949 3292 καὶ
964 3231 1054 3310 ὕψους
1068 3225 1157 3292 bene
1173 3226 1258 3313 vulg
1270 3225 1468 3314 de‘qoitctes,
1486 3222 1556 3289 scil.

228 3331 335 3398 rerba
355 3330 482 3420 quibus
496 3327 566 3396 illis
582 3329 730 3397 elevatio
750 3353 832 3420 prae
853 3330 942 3414 aliis,
965 3331 1125 3414 honorae,
1148 3333 1335 3418 dignitates
1351 3329 1560 3422 promittun-

231 3444 298 3516 tur,
317 3444 364 3504 καὶ
381 3442 526 3520 tenitas,
547 3438 652 3503 verba
677 3435 803 3526 quibus
824 3437 916 3504 dona
936 3439 982 3505 eis
1002 3439 1239 3506 conseruntur.
1258 3439 1352 3505 Hisce
1377 3434 1478 3504 simul
1494 3434 1561 3502 sin·
1646 3521 1653 3530 .

230 3543 331 3629 gulae
365 3553 479 3633 partes
513 3543 680 3632 epistolae
712 3544 781 3609 iarn
814 3543 1013 3613 indicantur
1043 3551 1075 3611 et
1108 3545 1380 3632 distinguuntur.
1409 3543 1560 3609 Priorem

231 3641 412 3738 epistolam
439 3651 601 3725 lonathae
627 3649 810 3739 inscripsit.
832 3653 926 3717 Hane
951 3653 1094 3718 alteram
1121 3675 1200 3718 vero
1224 3651 1320 3737 genti
1343 3649 1558 3722 Indaeorum.

230 3760 326 3822 ltatio
340 3756 547 3824 discriminis
561 3778 601 3822 ex
617 3779 657 3822 eo
668 3756 816 3845 petenda
830 3757 895 3823 erit
907 3758 1001 3846 quod
1017 3758 1178 3825 leonthos
1194 3764 1334 3847 accepta
1355 3757 1398 3824 ah
1420 3756 1562 3822 Alexan-

230 3864 292 3928 dro
309 3863 477 3950 dignitate
490 3863 537 3950 (v.
554 3863 611 3950 21)
629 3862 798 3929 Demetrio
810 3863 879 3931 iam
893 3865 993 3954 quasi
1006 3864 1144 3932 rebellis
1159 3870 1232 3931 erat
1242 3864 1440 3945 habendus;
1455 3883 1563 3950 quare

233 3977 321 4034 totus
346 3971 381 4034 in
406 3992 445 4036 eo
474 3974 535 4049 est,
564 3975 601 4034 ut
634 3970 779 4035 lonatha
808 3968 913 4059 plane
932 3971 1092 4056 ignorato
1109 3972 1274 4060 populum
1298 3969 1364 4036 sibi
1380 3967 1562 4038 conciliare

229 4075 537 4162 struleat3insuper
562 4095 640 4140 enm
661 4076 885 4158 mulctabat,
919 4078 1121 4144 ludaeorum
1138 4078 1429 4158 multos,morum
1460 4078 1561 4141 Grae-

230 4202 347 4247 corum
367 4186 532 4260 amantes
554 4180 696 4247 minime
721 4183 916 4271 apartibus
937 4189 1025 4251 stare
1049 4185 1226 4263 lonathae;
1251 4183 1343 4251 unde
1365 4203 1406 4249 ea
1425 4201 1563 4272 quoque

228 4287 498 4355 consideratione
527 4287 685 4354 adhibita
699 4290 893 4357 consultum
912 4297 982 4357 erat
999 4291 1073 4380 ipsa
1091 4289 1253 4380 epistolae
1272 4289 1528 4378 inscriptione'i
1547 4325 1563 4336 -

227 4418 344 4462 rorem
359 4395 480 4486 populi
494 4401 644 4484 captare.

273 4504 421 4592 Epistola
436 4502 545 4569 multa
558 4524 635 4568 eum
650 4503 834 4591 prudentia
849 4511 883 4569 et
897 4509 971 4570 arte
985 4503 1173 4594 composita
1189 4507 1249 4571 ost.
1266 4509 1291 4570 Α
1306 4525 1434 4588 magna
1449 4507 1562 4591 capta·

229 4611 322 4674 tione
338 4610 597 4676 benevolentiae
612 4608 737 4698 incipit
751 4609 941 4676 Demetrius
957 4611 1104 4677 laudans
1119 4611 1223 4677 fidem
1242 4632 1347 4699 quam
1363 4609 1480 4676 ludaei
1497 4607 1563 4673 sibi

225 4715 394 4780 servarint
407 4723 439 4782 ct
454 4739 552 4782 suurn
566 4716 609 4780 dc
621 4737 662 4780 ca
676 4715 844 4800 gaudium
857 4723 1033 4784 ostentans
1045 4741 1075 4784 ν.
1096 4724 1154 4796 '263
1169 4724 1207 4785 ut
1221 4718 1256 4783 in
1272 4739 1312 4783 ea
1329 4717 1561 4806 perseverent,
