3625 5367
254 395 292 455 76
768 388 795 446 1.
820 403 912 447 naen.
937 387 1077 463 upa-51.

292 546 335 597 til.
356 547 402 595 Vos
418 560 480 608 erpo
498 544 552 610 filii
572 543 764 608 confortamini
779 547 803 591 et
819 542 861 591 si·
948 538 997 596 64.
1017 534 1072 595 Καὶ
1086 538 1171 611 ὑμεῖς,
1187 533 1278 605 τέκνα,
1294 533 1424 613 ἰσχύσατε
1439 531 1485 591 καὶ
1500 534 1588 613 α’νδρί-

165 661 167 665 ·
255 636 346 685 rititer
366 636 437 698 opita
453 636 484 683 in
505 634 570 697 lepe,
593 636 658 697 quic
678 634 786 697 inipso
807 630 862 694 plo·
906 628 981 693 ζεσδε
997 627 1023 683 ἓν
1037 628 1075 701 τῷ
1092 623 1176 702 νόμῳ,
1196 622 1236 680 ὅτι
1252 625 1278 681 ἐν
1292 624 1365 682 αὐτῶ
1384 622 1587 692 δοξασθήσεσθε.

253 726 321 774 riost
337 726 423 773 eritis.
451 724 494 773 65.
517 724 549 772 lit
570 736 634 783 ecce,
658 724 752 771 Simon
773 720 862 783 [rotor
907 716 956 773 63.
981 714 1037 773 Καὶ
1057 711 1113 771 ἰδοὺ
1134 712 1247 789 Συμεὼν
1265 714 1280 769 δ
1297 712 1407 787 ἀδελφὸς
1426 714 1512 783 ὑμῶν,
1530 701 1588 770 οἶδα

253 821 348 873 cester,
363 814 418 863 scio
438 814 507 876 quod
522 814 565 863 eir
579 812 689 862 comitii
705 818 752 871 cst,
772 812 861 873 ipsum
907 802 947 859 ὅτι
960 802 1026 880 ἀνὴρ
1048 802 1144 880 βουλῆς
1162 802 1246 872 ἐστιν,
1270 802 1349 859 αὐτοῦ
1375 800 1482 860 ιἰκιιύετε
1501 801 1589 866 πόσας

255 904 345 951 cudite
365 916 466 966 serreper
480 909 504 950 et
521 903 577 967 ipre
599 902 649 950 erit
671 902 745 950 cobis
766 906 860 963 poter;
906 890 952 957 ad<
968 892 1078 970 ἡμέρας,
1093 891 1170 955 αὐτὸς
1184 893 1246 963 ὑμῖν
1261 888 1339 948 ἔσται
1351 892 1387 957 εἰς
1401 888 1516 967 πατέρα.
1534 892 1583 950 tili.

254 991 297 1041 oc.
317 998 342 1040 et
358 992 441 1040 ludos
456 991 641 1049 llochoboeus,
660 989 740 1054 sortis
755 989 860 1038 uiribus
909 980 964 1038 Καὶ
986 979 1088 1045 Ἰούδας
1107 977 1285 1043 Μακκαδαῑος
1307 980 1415 1057 ἰαρυρδς
1428 978 1538 1053 δυνάμει
1557 980 1587 1036 ἐκ

254 1095 270 1129 o
286 1081 423 1129 iuuentute
434 1093 494 1139 ειισ,
509 1080 544 1129 sit
558 1080 632 1129 vobis
646 1080 771 1143 princeps
784 1076 859 1126 rnili-
906 1068 1027 1141 veiento<
1042 1070 1131 1141 αὐτοῦ,
1148 1059 1222 1133 οὗτος
1236 1070 1297 1141 ὑμῖν
1313 1070 1388 1126 ἔσται
1403 1068 1491 1145 ἄρχων
1508 1090 1588 1146 στρα-

254 1169 308 1217 ttoe
321 1176 344 1217 et
364 1170 421 1233 ipse
440 1174 501 1231 opet
526 1166 623 1217 bellum
642 1168 755 1233 poputi;
773 1165 816 1216 til.
835 1172 860 1214 et
907 1166 964 1225 τιᾶς
984 1157 1030 1215 καὶ
1044 1158 1192 1233 πολεμήσει
1215 1156 1333 1229 πόλεμον
1354 1157 1438 1214 λαῶν.
1455 1156 1506 1215 ti't'.
1533 1156 1587 1215 Καὶ

255 1257 390 1307 adducetis
416 1258 450 1307 od
474 1272 519 1307 oos
544 1270 632 1305 omnes
654 1256 768 1319 [ociores
794 1254 861 1318 lepis
906 1249 981 1319 ὑμεῖς
1014 1244 1159 1326 πρσςᾶἱατε
1191 1245 1255 1323 πρὸς
1290 1248 1359 1319 ὑμᾶς
1392 1244 1494 1310 πάντας
1527 1243 1585 1311 τοὺς

253 1352 279 1393 et
298 1348 434 1395 vindicate
454 1345 603 1395 vindictam
615 1344 709 1409 populi
725 1345 823 1403 στεινὴ
906 1333 1017 1405 ποιητὰς
1036 1340 1082 1393 τοῦ
1107 1334 1188 1408 νόμον
1208 1336 1253 1391 καὶ
1277 1332 1585 1404 extramoeniana

290 1432 334 1481 68,
354 1434 496 1483 retribuite
512 1434 717 1483 retributionem
736 1432 860 1496 pentibus
905 1429 952 1482 τσῦ
969 1427 1035 1482 λαοῦ
1054 1426 1140 1498 ὑμῶν·
1163 1426 1213 1483 68.
1230 1424 1394 1481 ἀνταπόδστε
1411 1422 1585 1495 ἀνταπόδομα

254 1528 277 1569 et
291 1523 421 1571 intendite
434 1524 465 1571 in
475 1530 646 1587 praeceptam
657 1521 733 1585 lepis.
905 1522 959 1578 τοῖς
972 1512 1069 1584 ἔθνεσι,
1083 1510 1129 1569 καὶ
1142 1512 1283 1591 πρσςέχετε
1298 1513 1334 1579 εἰς
1348 1510 1381 1568 τὰ
1395 1514 1585 1591 προςτσὶγματα

905 1623 950 1659 του
963 1624 1055 1675 νσμου.

290 1698 332 1747 69.
355 1698 387 1747 Et
405 1698 538 1748 benedixit
554 1712 605 1758 eos,
627 1706 651 1748 et
666 1700 806 1763 oppositus
821 1705 859 1748 est
945 1693 995 1751 [59.
1018 1690 1074 1749 Καὶ
1096 1690 1237 1767 εὐλόγησεν
1261 1688 1355 1755 αὐτοὺς
1378 1688 1425 1747 καὶ
1443 1688 1585 1770 πρσςετέθη

253 1782 288 1835 od
302 1794 394 1851 potres
404 1801 475 1849 suos,
488 1786 532 1837 70.
545 1795 569 1838 et
584 1787 724 1850 defunctus
734 1794 771 1837 est
787 1802 859 1837 enno
904 1780 969 1856 πρὸς
988 1778 1047 1845 τοὺς
1070 1780 1187 1857 πατέρας
1207 1781 1297 1835 αὐτοῦ·
1323 1780 1371 1838 70.
1396 1777 1442 1836 nol
1457 1779 1584 1837 ἀπέθανεν

253 1878 393 1924 centesimo
424 1884 448 1925 ct
477 1877 682 1939 quadrupesimo
714 1886 800 1938 eerto;
834 1885 858 1926 et
904 1870 931 1925 ἐν
946 1870 986 1947 τῷ
1004 1868 1073 1943 ἑκτῷ
1096 1866 1143 1925 καὶ
1164 1870 1370 1945 τεσσαρακοστῷ
1388 1865 1584 1945 καὶέκατσστῷ

254 1962 374 2027 sepultus
396 1973 433 2013 est
444 1979 475 2011 ,ιι
496 1964 563 2028 filiis
582 1968 639 2014 secie
658 1968 689 2014 in
709 1966 859 2030 sepulchris
905 1956 968 2015 έτει·
985 1957 1031 2015 καὶ
1043 1956 1144 2035 ἔθαψαν
1159 1955 1239 2013 αὐτὸν
1258 1957 1281 2013 o't
1295 1956 1346 2013 υἱοὶ
1358 1960 1438 2014 αὐτοῦ
1452 1958 1479 2015 ἐν
1493 1957 1585 2037 tripos<

251 2058 484 2115 potromstcorum
499 2055 529 2102 in
546 2054 645 2115 llodin,
658 2064 681 2104 et
693 2054 858 2123 planxerunt
905 2047 1027 2121 πατέρων
1056 2046 1143 2104 αὐτῶν
1181 2046 1207 2102 έν
1235 2042 1354 2114 Μωδαῒν,
1383 2044 1428 2102 καὶ
1454 2044 1582 2125 indirecto

253 2153 311 2189 enm
324 2142 410 2189 omnis
426 2140 512 2191 lsrael
527 2140 640 2205 ptonctn
660 2158 765 2206 mopno.
905 2136 985 2194 αὐτὸν
998 2143 1051 2200 πᾶς
1065 2132 1175 2211 Ἰσραὴλ
1188 2136 1298 2191 κοπετὸν
1315 2132 1410 2211 μέγαν.

297 2332 508 2414 Mathathias,
522 2335 609 2400 sacri
622 2357 685 2424 pro
698 2335 776 2423 lege
790 2338 847 2404 uei
864 2343 898 2405 et
910 2340 1003 2406 cultu
1017 2339 1214 2405 certaminis
1228 2344 1358 2419 auctor,
1372 2338 1475 2403 finem
1493 2338 1583 2405 ritae

251 2439 463 2531 prospiciens
493 2439 697 2507 fidelitatem
725 2443 973 2511 observationis
1003 2444 1090 2531 legis
1120 2452 1223 2534 atquc
1252 2466 1313 2533 pro
1339 2466 1380 2510 ea
1404 2443 1583 2532 pugnandi

251 2546 478 2613 constantiam
504 2551 681 2637 tamquam
704 2571 838 2617 sacrum
866 2549 1043 2641 quoddam
1071 2556 1313 2618 testamentum
1337 2549 1417 2629 liliis
1441 2550 1579 2635 legavit.

251 2656 322 2729 Quo
332 2652 620 2721 ultimosermonc
633 2657 731 2744 quasi
749 2656 904 2725 imitator
914 2658 1041 2724 exsistit
1057 2659 1155 2725 laoob
1166 2650 1382 2747 patriarchae
1399 2659 1494 2747 (Gen.
1512 2657 1579 2746 to),

252 2760 369 2845 Moysis
383 2762 491 2845 (Dent.
510 2760 579 2847 33),
598 2766 692 2829 losue
706 2766 782 2851 (los.
802 2770 856 2830 23.
870 2764 939 2853 st),
954 2764 1061 2831 ltavid
1071 2764 1161 2850 regis
1173 2764 1206 2854 (3
1220 2768 1303 2853 Reg.
1319 2765 1366 2853 2).
1383 2764 1584 2831 Conditione

250 2865 415 2951 temporis
432 2865 550 2952 paucis
568 2865 741 2935 delineata
753 2868 842 2935 lilios
855 2870 1071 2951 adhortatur,
1090 2879 1129 2938 ut
1143 2870 1230 2957 legis
1244 2871 1395 2938 studium
1413 2894 1454 2937 ae
1472 2872 1584 2938 zelum

250 2991 359 3057 usque
379 2970 423 3036 ad
442 2972 672 3059 profusionem
693 2974 781 3041 vitae
802 2975 1000 3044 exhibeant.
1020 2977 1303 3044 Adhortationem
1321 2977 1420 3043 fulcit
1440 2979 1583 3068 prolatis

250 3075 411 3166 exemplis
431 3084 638 3158 sanctorum,
659 3081 720 3169 qui
745 3081 846 3148 variis
868 3083 1130 3152 difficultatibus
1150 3083 1294 3149 obiectis
1314 3082 1416 3149 fidem
1437 3085 1495 3150 Dei
1514 3108 1583 3152 ser-

250 3186 367 3249 vantes
390 3184 638 3273 protectionem
659 3187 720 3253 Dei
744 3190 873 3277 experti
899 3197 979 3257 sunt
1003 3198 1037 3256 et
1061 3190 1213 3280 praemia
1234 3188 1406 3257 fidelitatis
1426 3201 1583 3279 reporta-

251 3296 329 3355 runt
348 3291 392 3379 (v.
413 3292 545 3379 [ιθ-6ης
565 3290 644 3359 dein
659 3299 776 3360 monet
792 3295 940 3383 gloriam
956 3303 989 3363 et
1007 3296 1119 3363 minas
1139 3295 1290 3362 hominis
1309 3296 1407 3383 impii
1424 3298 1583 3362 stercoris

249 3394 357 3461 instar
375 3420 446 3463 esse
462 3398 652 3486 reputanda
675 3402 719 3490 (v.
738 3408 791 3469 bt.
811 3409 884 3491 (5353
903 3404 1044 3470 demum
1064 3425 1221 3469 normam
1241 3402 1367 3488 agendi
1383 3406 1416 3468 et
1434 3403 1580 3487 regendi

250 3500 330 3567 liliis
345 3503 449 3569 tradit
466 3504 510 3593 (v.
531 3510 658 3593 otc-68).

294 3608 419 3675 Eodem
436 3610 537 3696 modo
550 3634 618 3699 quo
631 3614 784 3681 narratio
801 3616 843 3681 de
859 3615 992 3682 ultimis
1010 3616 1112 3684 rebus
1130 3616 1235 3702 gestis
1250 3615 1350 3683 lacoh
1366 3614 1581 3703 patriarchae

251 3715 344 3803 (Gen.
364 3718 478 3805 h7,29)
501 3724 533 3783 et
557 3718 660 3784 David
685 3720 777 3807 regis
798 3722 830 3809 (3
855 3728 938 3808 neg.
957 3724 1028 3811 21)
1050 3724 1204 3801 vestitur,
1223 3744 1319 3790 sacer
1338 3728 1455 3789 auctor
1477 3723 1582 3790 finem

249 3822 338 3889 vitm
355 3846 567 3913 operumque
589 3827 792 3893 tlathathiae
809 3828 941 3895 indicat
960 3852 992 3896 v,
1012 3836 1053 3896 'stt
1078 3838 1127 3897 net
1146 3843 1273 3917 ἤγγισαν
1298 3830 1354 3916 (cl.
1373 3832 1451 3895 LXX
1472 3830 1497 3896 l.
1516 3828 1579 3918 c.);

249 3950 336 4017 quae
362 3937 510 4015 agantur
530 3937 698 4020 tempora,
724 3934 876 4001 declarat
901 3958 908 4004 :
935 3936 1081 4002 invaluit
1105 3936 1286 4003 insolentia
1306 3936 1528 4003 inimicorum
1550 3941 1583 4001 et
1629 3928 1633 3933 ’

248 4035 345 4123 quasi
359 4036 474 4101 sedem
491 4036 626 4103 firmam
643 4040 714 4105 lixit
728 4042 764 4107 in
782 4042 923 4127 regione
942 4049 1076 4123 nostra;
1092 4043 1206 4127 gravis
1221 4042 1309 4108 faeta
1323 4049 1372 4109 est
1386 4041 1580 4131 costipotio,

249 4148 394 4229 ὲλεγμὸς,
413 4145 544 4208 vexatio
563 4144 635 4210 scil.
654 4146 790 4232 piorum
808 4172 869 4237 per
885 4149 1026 4237 impios;
1045 4129 1213 4215 incumbit
1229 4160 1364 4237 tempos
1383 4148 1579 4223 eversionis

250 4269 318 4336 quo
332 4269 432 4313 sacra
449 4256 565 4316 nostra
584 4250 739 4320 instituta
760 4260 794 4321 et
814 4256 1010 4345 respublica
1024 4254 1225 4333 diruuntur,
1243 4254 1301 4321 Dei
1314 4277 1452 4344 quoque
1467 4256 1501 4318 in
1520 4274 1583 4318 nos

250 4354 443 4421 devolvitur
463 4355 516 4422 c'ro
538 4356 792 4447 irrdipreotionis
817 4361 873 4451 (ol.
898 4370 995 4444 1,cr;
1022 4363 1168 4428 2Maclr.
1190 4368 1281 4446 5,1r.
1305 4365 1347 4427 20
1365 4385 1372 4428 :
1392 4362 1463 4449 ipse
1487 4357 1582 4424 locus

248 4460 430 4530 derelictus
444 4464 482 4530 in
502 4463 553 4531 ira
574 4465 631 4531 [tei
649 4466 725 4555 est),
746 4476 819 4557 ἑργὴ
845 4478 937 4551 θυμοῦ
959 4459 1108 4548 allectus,
1126 4469 1199 4537 irae
1223 4464 1453 4544 vehementia,
1471 4471 1582 4531 aestus

250 4568 462 4657 exprimitur.
481 4572 672 4639 Secundum
689 4575 872 4665 losephum
890 4576 981 4665 (Ant.
1004 4576 1132 4663 laos)
1151 4575 1352 4643 hlathathias
1371 4594 1582 4663 perannum

249 4674 444 4763 imperarit.
467 4678 624 4746 Studium
650 4681 736 4768 legis
760 4690 794 4748 et
818 4682 966 4749 foederis
985 4682 1074 4751 sacri
1096 4684 1327 4763 commendat,
1356 4683 1391 4747 in
1415 4705 1484 4770 quo
1508 4678 1579 4747 scil.

250 4780 388 4848 loedere
410 4784 554 4851 maiores
571 4786 675 4853 vitam
697 4794 944 4875 transegerant.
963 4796 1089 4857 Eorum
1107 4812 1211 4879 opera
1227 4795 1260 4856 et
1274 4788 1432 4879 exempla
1445 4788 1535 4855 vitae
1554 4788 1582 4852 si
