3625 5367
729 322 757 381 ι).
777 335 867 378 unca.
892 320 1027 386 aso-to.

525 563 552 619 ti.
574 559 720 619 Facinoru
734 557 864 620 tremat
876 559 903 618 et
917 557 1091 633 Lysimachi
1103 563 1236 632 aso-50.

254 757 325 816 tob.
342 759 373 807 Et
389 771 446 808 cum
459 758 522 806 λαστ
538 763 692 820 onerentur,
707 757 820 818 contiait
907 747 989 815 t,3b.
1013 743 1122 804 Ἰὀύτων
1154 747 1181 803 δὲ
1214 745 1413 817 συνεστηκότων
1447 747 1543 816 συνέόη

219 850 358 898 Tarsenses
384 852 408 894 et
433 845 556 894 Maliacas
580 846 737 894 seditionem
766 859 820 892 mo-
866 834 981 911 Ταρσεῖς
1008 834 1054 890 καὶ
1082 833 1236 900 Μαλλώτας
1265 835 1414 904 στασιάζειν
1443 836 1486 892 διδ
1514 837 1544 894 τὸ

218 950 285 994 rere,
310 949 338 984 co
361 935 430 996 quod
454 934 609 983 Antiochidi
636 935 705 996 renis
730 945 821 981 consu·
867 920 1196 1002 Ἀντιοχίδιτῇπαλλακῇ
1212 929 1258 982 τοῦ
1273 923 1402 1003 βασιλέως
1416 925 1444 982 ίν
1459 925 1545 1005 δωρεᾷ

218 1025 296 1073 binae
312 1025 381 1072 dono
396 1029 481 1072 essent
497 1023 566 1074 dati.
588 1023 630 1073 st.
650 1023 822 1070 Festinanter
867 1010 998 1069 δεδόσθαι.
1011 1013 1061 1072 31.
1073 1012 1180 1071 Θᾶττον
1192 1002 1236 1070 aba
1249 1017 1263 1071 δ
1274 1004 1546 1092 βασιλεθςήκεκατα-

217 1115 308 1174 itaque
334 1125 380 1161 rec
405 1113 478 1161 eenit
509 1112 602 1160 sedare
626 1111 703 1169 iilos,
729 1109 821 1159 relicto
868 1101 970 1158 στεῖλαι
984 1098 1018 1156 τὰ
1032 1099 1178 1179 πράγματα
1192 1101 1347 1161 καταλιπὼν
1362 1102 1406 1159 τὸν
1422 1102 1545 1180 διαδεχό-

217 1203 322 1264 suffecta
344 1214 397 1250 uno
421 1215 452 1249 aa
474 1200 614 1249 comitibus
637 1201 692 1249 suis
716 1199 822 1248 Andro·
868 1211 947 1262 μενον
967 1187 1127 1268 Ἀνδρόνικον
1146 1191 1197 1247 τῶν
1213 1190 1240 1248 ἔν
1256 1191 1384 1264 ἀξιώματι
1404 1190 1541 1265 κειμένων.

216 1291 285 1339 nico.
307 1291 349 1340 32.
373 1291 459 1338 naras
482 1297 570 1338 aretem
592 1288 727 1338 lieuetaus
748 1300 822 1336 acce·
867 1279 917 1336 33.
935 1276 1057 1352 Νομίσας
1076 1275 1104 1335 δὲ
1118 1282 1132 1337 θ
1144 1278 1282 1344 Μενέλαος
1300 1277 1434 1354 εἰληφέναι
1453 1278 1543 1356 καιρὸν

188 1380 286 1446 ,pisse
318 1391 343 1426 se
380 1385 480 1441 tempus
513 1383 708 1441 opportunum,
738 1391 822 1426 aurea
868 1367 950 1445 εὐφυῆ
971 1366 1138 1446 χρυσώματοί
1155 1389 1215 1424 τινα
1235 1371 1288 1426 τῶν
1306 1372 1352 1426 τοῦ
1370 1369 1441 1446 ἱεροῦ
1454 1390 1544 1445 νοσφι-

217 1468 348 1528 quaedam
368 1479 457 1515 vasae
474 1465 570 1530 tempbo
590 1465 696 1529 istratus
712 1466 822 1514 donarit
868 1456 981 1528 σύμενος
1002 1454 1146 1534 ἐχαρίσατο
1162 1459 1201 1534 τῷ
1219 1456 1385 1538 Ἀνδρονίκῳ,
1401 1455 1445 1513 καὶ
1467 1456 1544 1533 ἕτερα

217 1556 370 1604 Andronico
395 1561 419 1603 ct
446 1553 505 1602 aiio
531 1556 686 1604 vendiderat
710 1553 774 1616 Tyri
798 1561 822 1603 et
867 1543 997 1622 ἐτύγχανε
1019 1541 1163 1624 πεπρακὼς
1189 1543 1224 1609 είς
1252 1569 1281 1603 τε
1309 1545 1396 1623 Τύρον
1425 1544 1469 1603 καί
1498 1543 1545 1610 τὰς

216 1658 265 1707 ρον
279 1645 384 1692 uicinas
400 1644 531 1692 ciuitates.
550 1641 592 1694 33.
609 1643 681 1702 (tund
694 1656 752 1691 cum
769 1655 823 1692 cer·
851 1707 854 1713 Ι
867 1629 957 1709 κύκλῳ
971 1633 1069 1700 πόλεις.
1085 1635 1134 1692 33.
1149 1632 1183 1692 “A
1197 1632 1242 1690 καλ
1258 1636 1347 1712 σαφῶς
1362 1636 1517 1708 ἐπεγνωκὼς
1531 1637 1545 1690 δ

218 1734 319 1781 tissime
335 1733 496 1794 conuenisset
513 1731 595 1780 Ouios
610 1731 820 1794 omnebonum,
868 1719 960 1786 Ὀνίας
979 1720 1148 1800 παρήλεγχεν
1168 1721 1383 1800 ἀποκεχωρηκὼς
1395 1724 1431 1787 είς
1446 1721 1543 1780 ἄσυλον

217 1821 314 1884 ipsein
331 1819 386 1869 loeo
400 1827 456 1869 tuto
471 1834 496 1868 se
510 1821 650 1868 continens
663 1820 822 1868 Antiochiae
867 1806 948 1866 τόπον
969 1809 1013 1867 ἐπὶ
1032 1810 1140 1889 Δάφνης
1157 1814 1205 1880 τῆς
1223 1809 1288 1886 πρὸς
1305 1810 1464 1890 Ἀντιόχειαν
1484 1832 1542 1868 κει-

217 1923 289 1958 secus
320 1909 466 1972 Daphnem.
503 1908 546 1958 st.
580 1908 654 1957 Unde
687 1907 821 1957 Menelaus
868 1897 957 1974 μένης.
975 1895 1121 1960 34.”Οθεν
1139 1904 1153 1957 δ
1173 1898 1309 1968 Μενέλαος
1326 1897 1417 1958 λαθὼν
1431 1897 1485 1979 ἰδίφι
1499 1899 1544 1956 τὸν

218 1999 340 2047 accede-ns
372 1998 406 2045 ad
435 1997 617 2045 Andronicum
649 1997 762 2059 canabat
793 2002 821 2046 ut
868 1986 1542 2067 ἈνδρόνικονπαρεκάλειχειρώαασθαιτδνὈνίαν.

219 2086 314 2134 Ouium
330 2086 497 2150 interficeret.
517 2086 566 2143 Oui
583 2098 641 2134 cum
661 2085 773 2134 uenisset
787 2085 821 2134 ad
867 2072 901 2133 Ὁ
911 2075 938 2131 δὲ
947 2075 1158 2153 παραγενόμενος
1166 2075 1210 2133 ἐπὶ
1220 2076 1265 2134 τὸν
1274 2075 1366 2136 Ὀνίαν
1374 2075 1420 2134 καί
1430 2076 1544 2143 πεισθεὶς

220 2175 315 2223 Ouium
330 2181 353 2221 et
369 2174 439 2222 datis
455 2175 556 2223 dextris
571 2187 628 2224 cum
643 2173 821 2222 iureiurando
867 2163 912 2221 ἐπὶ
941 2165 1010 2244 δόλῳ
1038 2163 1084 2222 καλ
1111 2162 1253 2232 δεξιασθελς
1282 2168 1339 2241 μεθ’
1370 2165 1454 2244 ὅρκων
1486 2163 1543 2230 δοὺς

219 2264 353 2325 (quamtis
368 2268 432 2310 esset
450 2263 474 2310 ei
488 2259 634 2326 suspectus)
649 2262 774 2310 suasisset
790 2263 821 2310 dc
867 2249 963 2322 δεξιὰν,
988 2251 1084 2331 καίπερ
1112 2255 1139 2309 ἒν
1167 2253 1267 2332 ὑποψίᾳ
1295 2253 1415 2326 κείμενος
1441 2251 1543 2311 ἔπεισεν

219 2349 294 2413 asylo
316 2352 469 2414 procedere,
494 2351 585 2398 statim
610 2365 668 2398 etim
693 2351 818 2414 peremit,
867 2340 896 2396 ἐκ
912 2345 956 2398 τοῦ
979 2340 1077 2398 ἀσύλου
1091 2342 1238 2420 προελθεῖν,
1253 2341 1281 2399 θν
1307 2341 1353 2399 καί
1375 2345 1543 2419 παραχρῆμα

219 2453 272 2488 non
300 2440 400 2488 ueritus
429 2440 572 2488 iustitiam.
601 2440 643 2488 35.
674 2439 709 2488 Ob
741 2451 821 2502 quam
867 2428 1289 2506 παρέκλεισενοῦκαίδεσθείςτὸ
1306 2428 1482 2490 δίκαιον.35.
1500 2433 1542 2489 Δι’

219 2541 325 2577 causam
353 2541 407 2576 aon
435 2526 520 2576 scium
549 2527 643 2576 iudaei
676 2529 720 2576 sed
750 2526 821 2575 abiae
866 2515 899 2575 ήν
925 2516 1011 2574 αἰτίαν
1032 2519 1061 2575 ού
1082 2515 1160 2593 μόνον
1179 2517 1315 2588 Ἰουδαῖοι,
1335 2517 1429 2576 πολλοί
1449 2518 1476 2574 δὲ
1498 2520 1543 2575 καὶ

218 2629 318 2679 quoque
338 2617 461 2665 nationes
481 2615 699 2678 indignabantur
720 2623 743 2663 et
764 2629 820 2664 mo-
865 2608 919 2662 τῶν
947 2605 1033 2664 σίλλων
1059 2609 1137 2664 ἐθνῶν
1165 2605 1294 2674 ε’δείναζον
1316 2606 1362 2663 καὶ
1384 2605 1541 2686 ἐδυσφόρουν

219 2705 281 2754 teste
295 2703 417 2768 serebant
435 2705 465 2752 de
480 2718 540 2754 nece
554 2705 625 2752 tanti
635 2704 690 2753 riri
705 2705 817 2752 iniusta.
867 2693 911 2753 tut
934 2697 971 2773 τῷ
989 2698 1037 2751 τοῦ
1056 2693 1148 2771 ἀνδρὸς
1171 2694 1255 2773 σἰδίκιμ
1279 2693 1359 2775 φόνῳ.
1375 2697 1425 2754 36.
1439 2697 1495 2753 Τοῦ
1516 2695 1543 2752 δὲ

219 2793 261 2843 36,
287 2795 336 2842 Sed
366 2806 513 2856 regressum
539 2806 623 2854 re9em
650 2793 681 2842 dc
708 2792 820 2842 Ciliciae
867 2783 998 2860 βασιλέως
1018 2781 1203 2849 ἐπανελθόντος
1224 2782 1277 2840 ἀπὸ
1298 2787 1351 2841 τῶν
1372 2782 1441 2842 κατδι
1464 2787 1541 2843 Κιλι-

219 2881 282 2930 iaris
302 2882 429 2930 adierunt
450 2881 543 2930 tssdcei
564 2881 636 2944 apud
651 2881 820 2930 Antiochiam
842 2834 845 2917 ί
866 2870 926 2929 κίαν
941 2871 1040 2944 τόπων,
1055 2871 1228 2950 ἐνετύγχανον
1248 2874 1271 2931 οἱ
1289 2871 1361 2930 κατὰ
1376 2871 1452 2931 πολιν
1471 2872 1540 2932 Ἰου-

218 2970 337 3020 simulet
357 2971 450 3020 Gracci
470 2976 657 3032 conquerentes
673 2970 703 3018 de
724 2969 820 3032 iniqua
843 2928 845 3021 ί
866 2961 950 3033 tutos,
977 2961 1279 3040 συμμισοπονηρούντων
1313 2961 1358 3020 καὶ
1390 2964 1442 3019 τῶν
1474 2960 1541 3022 Ἔλ-

217 3073 277 3108 nece
309 3060 402 3108 oniae.
438 3059 481 3109 37.
517 3060 697 3109 Contristetus
730 3060 820 3122 itaque
843 3050 845 3099 ί
866 3049 962 3123 λήνων,
991 3049 1058 3128 ὑπὲρ
1085 3057 1131 3109 τοῦ
1159 3050 1233 3129 παρὰ
1263 3052 1340 3128 λόγον
1368 3052 1412 3109 τὸν
1448 3049 1541 3110 Ὀνίαν

218 3149 308 3197 animo
341 3148 487 3196 Antiochus
522 3153 633 3212 propter
665 3147 760 3196 Ouium
797 3154 820 3196 et
843 3118 845 3163 ί
867 3139 1039 3196 ἀπεκτόνθαι.
1059 3141 1109 3198 37.
1134 3141 1268 3218 Ψυχικῶς
1295 3129 1339 3196 σύν
1367 3139 1542 3218 θἈντίοχος

217 3237 298 3298 decus
312 3237 346 3285 ad
362 3236 584 3296 misericordiam,
601 3236 734 3298 lacrymas
749 3236 820 3299 fudit
843 3259 845 3271 =
867 3226 1036 3297 ἐπιλυπηθελς
1047 3227 1093 3283 καὶ
1103 3228 1211 3303 τραπεὶς
1223 3229 1259 3291 εἷς
1269 3225 1340 3285 ἔλεον
1352 3226 1399 3284 καὶ
1411 3229 1542 3304 δακρύσας

219 3325 371 3375 recordatus
391 3325 512 3388 destructi
531 3325 700 3373 sobrietatem
721 3330 745 3372 et
766 3337 820 3371 mo·
866 3315 911 3372 διδι
933 3313 982 3384 τήν
1005 3318 1052 3370 τοῦ
1076 3313 1276 3392 μετηλλαχότος
1301 3313 1471 3392 σωφροσύνην
1495 3318 1541 3373 καὶ

218 3413 338 3475 desticm,
358 3413 399 3464 38.
417 3413 584 3474 accensisque
600 3413 699 3461 animis
716 3412 819 3461 Andro·
867 3401 1110 3471 πολλήνεῦταξίαν.
1125 3405 1174 3462 38.
1190 3400 1244 3462 Καὶ
1253 3403 1380 3481 κυρωθεὶς
1390 3410 1442 3470 τοῖς
1450 3409 1541 3478 θυμοῖς

217 3503 307 3551 uicum
323 3515 446 3572 ριιτρανα
465 3509 571 3550 caretum
590 3507 734 3564 pertatem
753 3502 821 3550 ciei-
867 3495 1036 3570 παραχρῆμα
1066 3490 1114 3562 τήν
1141 3495 1186 3549 τοῦ
1216 3489 1380 3569 Ἀνδρονίκου
1405 3492 1539 3571 πορφύραν

219 3599 298 3640 tatem
309 3591 380 3640 iubet
391 3591 563 3649 circumduci,
578 3596 602 3638 et
613 3590 741 3638 ineodem
755 3589 819 3649 ioco,
844 3600 846 3647 t
867 3580 1051 3658 περιελόμενος
1073 3581 1119 3637 καὶ
1148 3579 1208 3646 τοὺς
1237 3583 1353 3660 χιτῶνας
1373 3580 1539 3659 περιρρήξας,

220 3681 249 3728 in
273 3694 323 3740 qua
353 3681 382 3728 in
407 3679 502 3730 Ouium
525 3681 688 3744 irupietatem
712 3681 821 3728 consmi-
867 3667 1037 3747 περιαγαγών
1052 3668 1111 3726 καθ’
1122 3666 1187 3739 θ’λην
1199 3666 1247 3737 τὴν
1262 3669 1338 3727 πολιν
1351 3669 1393 3725 ἐπ’
1407 3671 1483 3727 αὐτὸν
1499 3671 1542 3728 τὸν

218 3775 299 3828 serat,
316 3768 478 3831 sacriteyum
498 3770 555 3816 rita
573 3769 692 3832 privari,
710 3769 822 3817 Domino
868 3757 946 3815 τύπον
968 3747 1048 3835 οὗπερ
1071 3757 1107 3822 εἰς
1131 3756 1176 3813 τὸν
1197 3755 1290 3816 Ὀνίαν
1314 3755 1458 3827 ἠσίθησιν,
1484 3758 1541 3815 ἐκεῖ

218 3856 438 3920 ι’ίθίοοιιθίρηοιιι
453 3857 615 3906 retribuente
630 3870 753 3921 poenum.
867 3843 912 3903 τδν
936 3843 1074 3924 μιαιφόνον
1090 3845 1274 3918 ιἰπεκόσμησε,
1297 3849 1343 3904 τοῦ
1368 3845 1467 3925 Κυρίου
1490 3846 1537 3915 τήν

869 3932 943 4000 ἀξίαν
967 3934 1039 4011 αὐτῷ
1054 3934 1165 3990 κόλασιν
1180 3933 1332 4000 ἀποδόντος.

256 4035 298 4085 33.
316 4035 408 4085 ituitis
423 4035 821 4100 autemsacriteaiisiutempto
909 4024 958 4082 39.
977 4021 1128 4096 Γενομένων
1151 4021 1178 4080 δὲ
1201 4025 1307 4082 πολλῶν
1326 4024 1542 4102 ίεροσνλημύτων

221 4137 237 4172 a
251 4125 406 4186 Lysimacho
423 4125 568 4173 comosissis
581 4123 694 4174 Menelai
709 4124 822 4173 consitio
868 4113 938 4168 κατὰ
952 4111 1001 4179 τήν
1017 4109 1093 4170 πόλιν
1109 4110 1160 4169 tab
1173 4115 1219 4170 τοῦ
1235 4111 1394 4192 Λυσιμάχου
1414 4112 1482 4190 μετὰ
1496 4118 1542 4184 τῆς

219 4219 242 4260 et
258 4213 402 4276 dirulycta
417 4213 492 4276 sarna
507 4221 669 4276 eortareaata
682 4220 719 4261 est
733 4213 823 4262 mutti-
869 4201 1008 4259 Μενελάου
1032 4200 1149 4277 γνώμης,
1169 4203 1215 4259 καὶ
1239 4202 1401 4273 διαδοθείσης
1423 4203 1472 4269 ἔξω
1495 4207 1542 4274 τῆς

220 4301 283 4350 tudo
304 4303 431 4352 adsersus
453 4302 637 4364 Lysimachum
661 4301 743 4350 metito
769 4303 823 4350 iam
869 4288 970 4368 φήμης,
988 4288 1152 4368 ἐπισυνήχθη
1171 4289 1200 4346 τὸ
1219 4292 1317 4360 πλῆθος
1336 4291 1381 4348 ἐπί
1399 4289 1442 4348 τὸν
1463 4292 1544 4347 Λυσί-

220 4404 286 4438 auro
309 4398 456 4454 exportato.
482 4390 525 4441 to.
548 4390 642 4440 Turbis
667 4398 754 4439 aretem
778 4391 822 4439 in·
870 4399 969 4456 μαχον,
989 4377 1176 4456 χρυσωμάτων
1200 4377 1251 4448 ήδη
1274 4378 1380 4435 πολλῶν
1411 4379 1543 4454 διενηνεγ-

220 4480 390 4541 τατρσκιίθιιτ
404 4485 427 4528 et
444 4481 542 4528 animis
558 4480 601 4528 ira
622 4477 729 4542 repletis
747 4481 823 4540 Lysi·
871 4467 967 4541 μένων.
983 4468 1032 4525 t0.
1048 4463 1275 4545 Ἐπεγειρομὲνων
1290 4463 1318 4522 δὲ
1331 4471 1384 4523 τῶν
1397 4464 1484 4544 όχλων
1500 4467 1546 4524 καὶ

221 4568 329 4616 machus
358 4570 472 4617 creantis
502 4568 557 4631 sere
586 4567 673 4616 tribus
702 4566 824 4616 millibus
871 4562 929 4622 ταῖς
950 4555 1039 4634 ὀργαῖς
1064 4552 1323 4630 διιμπιμπλαμόνων
1346 4554 1546 4620 καθοπλίσαςδ

220 4657 324 4718 iniquis
348 4657 473 4706 manibus
498 4658 537 4704 uti
562 4657 646 4720 coepit
670 4656 733 4705 duce
758 4671 825 4718 ηυο-
872 4645 1029 4722 Λυσίμαχος
1041 4644 1105 4722 πρδς
1117 4643 1276 4721 τρισχιλίους
1289 4642 1438 4722 κατήρξατο
1449 4647 1546 4723 χειρῶν

220 4745 281 4793 dam
297 4745 424 4809 Tyranno
436 4752 520 4795 aetate
533 4746 636 4809 pariter
651 4751 675 4794 et
690 4745 825 4793 dementia
872 4732 982 4804 ἀδίκων,
996 4730 1220 4811 προηγησαμένου
1237 4731 1305 4799 τινδς
1322 4731 1458 4812 Τυράννου
1481 4755 1547 4812 προ-
