3625 5367
563 362 633 414 cuin
657 359 851 407 nanusrroue
873 347 902 406 2.
927 362 1019 406 naeu.
1043 360 1225 409 srecrnrua.
1504 356 1560 414 271

229 515 309 560 vero
325 493 446 563 iisdem
462 495 578 586 puniri
600 495 726 585 quibus
740 499 842 564 antea
860 497 1061 584 peccassent
1079 495 1167 564 iusto
1182 497 1241 565 Dei
1255 498 1382 567 iudicio
1400 503 1563 592 exemplis

229 606 263 666 et
283 601 396 668 verbis
415 602 574 691 explicite
589 603 770 685 asseritur;
791 603 839 668 ita
856 606 953 670 lason
973 603 1033 691 qui
1053 603 1178 672 multos
1193 604 1235 671 de
1249 607 1364 694 patria
1384 629 1447 675 sua
1461 631 1564 698 expu-

226 706 327 790 lerat,
345 729 491 796 peregre
515 708 619 799 periit
636 712 671 774 et
692 709 752 798 qui
774 707 964 799 insepultos
988 710 1113 777 multos
1137 709 1321 794 abiecerat,
1339 713 1413 803 ipse
1434 720 1469 781 et
1486 715 1566 783 illa-

199 810 200 817 ’
226 819 399 882 mentetua
421 821 455 881 et
477 815 671 905 insepultus
692 815 856 883 obiicitur
879 815 1023 904 (tu-10)
1038 821 1080 882 'et
1106 817 1290 886 Antiochus
1313 820 1373 908 qui
1390 821 1508 889 multis
1532 827 1566 889 et

224 918 322 985 novis
344 919 553 989 cruciatibus
572 921 720 988 aliorum
739 925 888 988 torserat
907 920 1049 1001 viscera,
1067 922 1144 989 diro
1158 923 1327 991 viscerum
1349 925 1473 998 dolore
1489 949 1565 994 cru·
1647 957 1650 960 ⁴
1732 918 1795 1021 sss.

226 1027 334 1092 ciatus
353 1031 403 1094 est
424 1027 508 1116 (9‚5.
524 1027 558 1113 (t)
580 1028 810 1111 etMenelaus,
833 1027 893 1117 qni
911 1029 1121 1115 multaerga
1139 1051 1234 1096 aram
1252 1032 1310 1097 Ilei
1330 1032 1456 1100 deficta
1474 1055 1565 1100 com·
1616 1024 1626 1044 ‘

226 1131 378 1216 miserat,
394 1132 490 1202 cuius
508 1133 601 1221 ignis
620 1140 654 1200 et
677 1133 761 1200 cinis
781 1139 918 1200 sanctus
940 1141 1024 1216 eret,
1048 1135 1137 1202 iuste
1157 1135 1229 1226 ipse
1250 1137 1289 1203 in
1312 1137 1435 1205 sineris
1452 1145 1563 1206 morte

226 1237 409 1307 damnatus
429 1244 480 1306 est
497 1239 618 1328 (13,8).
639 1240 773 1308 Eadem
792 1262 905 1331 poena
924 1239 1064 1308 taltonis
1088 1242 1229 1312 effertur
1252 1242 1476 1313 imNieanore
1491 1246 1561 1335 (15,

227 1349 269 1411 ΒΞ
284 1347 385 1435 seq.).
992 1412 995 1416 ,
1453 1429 1457 1438 .

269 1453 363 1518 Hisce
387 1451 504 1541 itaque
524 1453 608 1520 satis
629 1452 886 1521 demonstratur
902 1453 1045 1520 modum
1067 1454 1193 1541 agendi
1214 1461 1319 1523 Deum
1342 1458 1403 1547 qui
1422 1456 1504 1523 olim
1525 1458 1561 1524 iu

226 1555 326 1623 fibris
356 1558 461 1625 sacris
488 1560 661 1627 exhibitus
691 1566 767 1626 erat
792 1559 896 1626 etiem
929 1565 1083 1650 tempore
1115 1562 1246 1629 recenti
1281 1563 1562 1631 flachabaeoram

227 1664 376 1730 eundem
395 1685 467 1732 esse
490 1687 530 1731 ac
559 1665 785 1754 permansisse
807 1665 943 1733 ratione
964 1666 1084 1733 habita
1108 1668 1231 1758 populi
1256 1674 1290 1735 et
1312 1669 1387 1737 eius
1404 1668 1563 1737 adversa-

225 1768 369 1837 riorum.
386 1774 510 1837 Verum
527 1777 662 1859 praeter
676 1771 762 1838 haec
777 1772 988 1841 documenta
1001 1774 1180 1859 generalia
1194 1775 1320 1864 quibus
1334 1776 1565 1844 admonentur

226 1880 264 1942 ut
279 1873 317 1941 in
331 1875 468 1943 foedere
484 1899 524 1944 ac
538 1878 616 1964 lege
630 1877 688 1945 Dei
703 1877 852 1945 fideliter
867 1878 1066 1961 consistant,
1081 1880 1287 1970 praeprimis
1301 1881 1442 1965 effertur
1453 1882 1566 1950 honor

226 1990 260 2048 et
288 1981 401 2068 gloria
433 1983 568 2072 templi.
595 1985 864 2052 praemittuntur
896 1985 1063 2074 epistolae
1092 1986 1181 2054 duae
1209 1987 1336 2077 quibus
1359 1987 1404 2055 ad
1428 1987 1567 2056 dedica-

225 2087 355 2156 tionem
374 2088 496 2179 templi
511 2090 757 2158 celebrandam
773 2089 983 2173 invitantur;
1000 2091 1154 2159 narratio
1170 2092 1212 2161 de
1225 2093 1309 2181 igne
1324 2093 1469 2191 coelitus
1484 2095 1565 2163 dato

226 2194 334 2261 altare
355 2200 389 2261 et
405 2195 538 2262 cultum
561 2196 725 2264 divinitus
745 2198 966 2265 commendat
985 2205 1020 2265 et
1044 2200 1229 2289 approbat;
1246 2202 1415 2290 templum
1434 2200 1564 2288 insigni

226 2300 394 2368 miraculo
410 2324 429 2368 a
444 2303 684 2392 profanatione
703 2303 894 2371 custoditur
905 2306 996 2394 (cap.
1011 2304 1063 2393 3);
1079 2305 1348 2373 asacerdotibus
1360 2306 1563 2396 despectum
1695 2388 1703 2400 ,

227 2407 348 2496 (ldis),
373 2408 417 2474 ab
440 2407 648 2496 alienigenis
666 2408 850 2499 spoliatum
870 2411 978 2498 (5,f5)
1000 2417 1033 2477 et
1049 2413 1269 2500 profanatum
1286 2413 1404 2502 (oe-o)
1418 2409 1563 2482 victoria

225 2520 328 2580 aDeo
345 2535 502 2582 concessa
516 2516 669 2605 perpios
687 2515 776 2602 legis
791 2516 984 2585 defensores
999 2516 1179 2586 dedicatur
1192 2525 1380 2607 purgatum
1396 2523 1564 2586 etemun·
1698 2600 1700 2605 Ι
1735 2519 1791 2616 3

225 2620 344 2687 datum
361 2620 470 2688 cultui
486 2621 546 2688 Dei
561 2627 779 2690 consecratur
797 2623 888 2710 (10,1
906 2622 1007 2713 seq.),
1027 2623 1072 2690 ad
1093 2645 1197 2713 quem
1213 2623 1342 2691 cultum
1360 2623 1560 2711 augendum

226 2727 320 2794 etad
336 2727 503 2795 honorem
517 2727 637 2818 templi
653 2727 901 2796 declarandum
915 2728 982 2796 duo
997 2729 1161 2796 fastidies
1179 2730 1418 2814 instituuntur,
1436 2731 1563 2820 quibus

226 2838 260 2900 et
275 2832 445 2901 restitutio
463 2833 585 2924 templi
608 2840 709 2921 grata
731 2834 897 2902 memoria
917 2835 1092 2903 recolatur
1110 2836 1217 2926 (10,8)
1239 2842 1274 2906 et
1292 2837 1523 2927 praeservatio
1543 2860 1565 2906 a

225 2940 463 3030 profanatione
477 2945 511 3008 et
527 2940 683 3008 vindicta
696 2940 756 3008 [tei
769 2940 808 3009 in
822 2941 1030 3029 sacrilegum
1044 2943 1207 3011 devoluta
1222 2943 1417 3012 celebretur
1433 2951 1561 3034 (1536.

225 3046 294 3136 37).
311 3052 367 3114 Est
389 3047 519 3137 quippe
540 3047 710 3137 templum
732 3047 999 3116 famosissimum
1020 3049 1058 3116 in
1082 3056 1153 3117 toto
1175 3050 1258 3118 orbe
1282 3051 1404 3140 (Μ),
1421 3051 1564 3119 sanctis-

224 3155 350 3222 simum
382 3153 489 3244 (5‚15)
520 3153 613 3243 quod
642 3176 743 3241 reges
768 3161 801 3222 et
822 3155 999 3244 principes
1025 3156 1131 3223 etiem
1152 3157 1260 3224 exteri
1286 3158 1501 3226 honorarunt
1529 3163 1564 3226 et

225 3260 428 3329 muneribus
456 3259 612 3328 ditarunt
640 3260 728 3350 (333
758 3267 856 3342 9,1e;
886 3261 1016 3347 1333),
1043 3283 1106 3349 pro
1138 3261 1233 3329 cuius
1265 3261 1500 3330 incolumitate
1528 3269 1562 3331 et

226 3365 407 3434 sanctitate
421 3365 489 3456 piis
504 3365 637 3434 ludaeis
652 3365 820 3434 maximus
837 3373 912 3433 erat
928 3372 1032 3457 atque
1051 3366 1183 3457 primus
1197 3367 1301 3434 timor
1315 3374 1349 3435 et
1367 3368 1560 3436 sollicitudo

226 3473 336 3540 maior
351 3495 456 3564 quam
474 3495 537 3563 pro
553 3471 1012 3562 uxoribusetfiliis(f5,18).
1027 3473 1219 3561 Diligenter
1237 3479 1376 3542 notatur
1395 3497 1456 3544 eur
1474 3480 1560 3544 Deus

226 3580 503 3669 profanationem
519 3578 643 3669 templi
664 3578 858 3670 permiserit
874 3579 1041 3667 (attae)
1056 3585 1089 3647 et
1106 3579 1280 3669 quomodo
1296 3582 1465 3670 templum
1480 3605 1563 3672 pro-

226 3686 357 3768 texerit,
384 3686 493 3754 soelus
518 3685 555 3753 in
576 3686 665 3753 illud
684 3685 907 3753 commissum
926 3685 1153 3754 vindicaverit
1177 3687 1269 3776 (3,ἳᾶ
1291 3709 1363 3776 seq.
1380 3693 1441 3770 393
1459 3693 1558 3770 9,1o;

229 3801 281 3876 te,
300 3799 337 3874 s;
357 3799 476 3876 1u,33;
495 3795 622 3880 1532).

272 3898 403 3978 Quibus
419 3899 580 3966 omnibus
594 3902 631 3967 in
647 3905 768 3988 aperto
787 3903 836 3966 est
848 3905 1023 3966 auctorem
1038 3899 1183 3966 voluisse
1198 3900 1427 3968 reverentiam
1442 3901 1565 3990 templi

227 4005 370 4096 eiusque
388 4007 500 4074 cultus
522 4005 682 4074 oninibus
700 4004 958 4074 commendare.
979 4010 1065 4073 Vera
1083 4006 1177 4074 enim
1201 4007 1322 4097 templi
1340 4007 1507 4094 religione
1526 4029 1566 4074 ac

225 4113 354 4202 pietate
386 4113 572 4180 constituta
594 4111 735 4180 firmum
760 4113 911 4180 habetur
934 4112 1082 4180 fulcrum
1109 4113 1249 4182 unitatis
1274 4120 1308 4182 et
1331 4115 1567 4206 prosperitatis

225 4219 376 4286 nationis
400 4219 557 4286 iudaicae
581 4225 615 4287 et
639 4221 767 4309 pignus
786 4219 1016 4286 certissimum
1036 4219 1287 4289 benedictionis
1307 4221 1458 4289 divinae.
1476 4226 1566 4304 ,Nam

226 4327 389 4394 [lominus
413 4325 637 4394 sanctificavit
656 4326 798 4393 domum
822 4325 924 4409 hane,
943 4331 1015 4394 «ut
1036 4349 1204 4416 ponerem
1227 4349 1353 4394 nomen
1377 4348 1492 4394 meum
1512 4325 1565 4392 ibi

227 4438 260 4500 et
273 4439 374 4502 erunt
390 4432 481 4502 oculi
500 4431 568 4499 mei
583 4436 615 4500 et
629 4453 688 4499 cor
704 4454 817 4500 meum
830 4430 879 4498 ibi
898 4434 1028 4500 carnotis
1043 4433 1163 4501 diebus
1179 4462 1195 4497 >2
1215 4435 1248 4524 (3
1263 4439 1345 4521 Reg.
1363 4433 1448 4523 9,3).
