3625 5367
259 303 317 360 aaa
798 307 825 364 e.
851 321 944 366 esen.
969 307 1051 378 uso.

263 461 394 519 provecto.
411 456 454 507 44.
470 457 520 504 Sed
533 463 561 505 ut
578 456 767 506 intellexerunt
781 471 863 505 cona·
911 455 1054 526 ὅιθηκότος
1066 454 1113 525 τὴν
1127 453 1244 527 ἡλικίαν,
1259 454 1333 512 οὐδὲν
1346 455 1372 514 δὲ
1385 447 1464 526 ἧττον
1480 457 1527 514 καὶ
1541 459 1589 529 τὴν

263 551 317 593 tam
332 545 494 607 Lysimachi,
512 544 563 594 olii
580 545 693 609 lapides,
711 546 762 594 alli
782 546 864 610 [testes
911 546 1013 603 ἄνοιαν,
1033 545 1084 603 41,
1106 543 1259 609 Συνιδόντες
1283 543 1310 602 δὲ
1334 543 1380 602 καί
1404 543 1452 616 τήν
1475 546 1593 606 ἐπίθεσιν

267 633 371 682 ualidos
400 635 555 698 arripuere,·
577 636 686 697 putidam
708 649 769 684 vero
791 637 865 684 cine-
911 637 956 692 τοῧ
999 631 1171 711 Λυσιμάχου,
1213 634 1431 714 συναρπάσαντες
1475 638 1499 693 οἱ
1543 637 1592 712 μὲν

264 735 319 770 rem
333 724 363 770 t'a
379 724 564 806 lysitnarlmm
579 726 670 773 iecere.
688 724 730 774 l‘l.
743 724 865 774 Etmnltt'
911 721 1032 802 πέτρους,
1052 725 1076 780 οἱ
1097 720 1124 779 δὲ
1145 720 1228 789 ξύλων
1249 722 1336 800 πάχη,
1352 723 1421 788 τινὲς
1442 723 1470 780 δὲ
1494 727 1523 784 ίκ
1546 729 1594 796 τῆς

268 811 374 874 quidem
405 811 556 872 vulnerati,
587 814 696 876 quidam
727 819 815 862 autem
842 821 865 862 el
912 809 1110 890 παρακειμένης
1143 812 1240 869 σποδοῦ
1278 812 1454 890 δρασσόμενοι
1490 813 1592 891 φύρδην

265 901 407 963 prostrati,
424 904 627 951 omne-rrerot'n
642 903 866 964 [προπεσόντα-ενοι·
913 899 1077 958 ἐνντίνασσον
1105 902 1144 965 εἰς
1169 898 1229 965 τοὺς
1256 900 1318 979 περὶ
1345 900 1388 958 τὸν
1419 902 1588 982 Λυσίμαχον,

269 995 345 1048 οιιαι;
363 990 450 1052 ipsam
465 991 544 1038 etlam
560 991 719 1054 sacrilcpam
738 1005 811 1040 secus
827 1005 866 1039 ae·
913 991 962 1050 42,
980 993 1021 1048 Δι’
1043 988 1076 1060 ἣν
1097 987 1183 1046 αἰτίαν
1199 986 1312 1054 πολλοὺς
1332 989 1379 1064 μὲν
1401 991 1487 1048 αὐτῶν
1511 1015 1591 1070 τραυ-

272 1079 376 1126 rarium
396 1078 595 1141 interfecerant.
621 1079 664 1132 43.
685 1081 719 1128 De
739 1081 781 1130 ltt's
806 1094 867 1142 erpo
914 1077 1011 1152 μανίας
1041 1076 1179 1149 ἐποίησαν,
1201 1076 1276 1144 τινὰς
1302 1075 1330 1136 δὲ
1358 1077 1405 1135 καὶ
1432 1079 1591 1152 κατέόαλον,

266 1168 350 1230 coepit
366 1167 867 1230 indiciumaelaersusllemelattmopt'-
915 1165 1015 1232 πάντας
1042 1166 1071 1224 δὲ
1098 1168 1135 1233 τίς
1162 1165 1247 1245 φυγήν
1272 1167 1434 1238 συνήλασαν,
1458 1169 1536 1225 αὐτὸν
1564 1168 1591 1227 δὲ

264 1256 328 1305 tari.
915 1255 958 1312 τὸν
980 1253 1114 1332 ἱερόσυλον
1134 1254 1208 1334 παρὰ
1222 1256 1251 1313 τὸ
1265 1256 1459 1332 γαζοφυλάκιον
1479 1256 1591 1336 ἔχαιρόν·

915 1366 1006 1403 σαντυ.
1022 1346 1071 1404 43.
1087 1345 1155 1423 Περὶ
1167 1343 1195 1402 δὲ
1207 1345 1307 1402 τούτοιν
1322 1343 1414 1415 ἐνίστη
1429 1345 1514 1424 κρίσις
1528 1345 1593 1425 πρὸς

915 1432 1121 1492 τδνΜενέλοιον.

302 1522 345 1572 ll.
368 1524 400 1571 Et
421 1537 478 1572 cunt
500 1527 612 1574 venisset
637 1539 682 1573 rea
705 1528 812 1588 Partem,
834 1527 868 1574 ad
955 1525 1006 1582 44.
1030 1521 1254 1592 Καταντήσαντος
1278 1521 1306 1581 δὲ
1330 1525 1376 1579 τοῦ
1402 1521 1533 1600 βασιλέως
1556 1524 1592 1588 εἰς

269 1613 357 1675 ipsum
380 1613 516 1674 arpellum
542 1613 693 1663 detulerant
717 1616 792 1664 missi
817 1621 868 1664 tres
914 1609 1014 1688 Τύρον,
1029 1609 1165 1668 ίπάὖτοῢ
1177 1607 1225 1680 τλν
1240 1609 1418 1686 δικαιολογίαν
1435 1609 1593 1682 ἐποιήσαντο

268 1701 322 1750 riri
342 1715 357 1750 a
377 1702 538 1751 senioribus.
560 1703 603 1752 45.
625 1703 656 1752 Et
681 1717 736 1752 eum
759 1717 868 1768 supera·
915 1703 938 1757 al
953 1699 1115 1780 πεμφθέντες
1130 1699 1221 1766 ἄνδρες
1231 1708 1302 1776 τρεῖς
1316 1699 1368 1759 ist
1382 1703 1430 1785 τῆς
1443 1699 1590 1780 γερουσίας.

197 1835 199 1840 .
268 1797 341 1838 retur
378 1790 525 1850 lienelaas,
562 1793 684 1856 promisit
720 1792 868 1842 Ptolemaeo
916 1791 965 1847 45.
980 1785 1051 1857 Ἤδη
1073 1787 1100 1846 bl
1122 1787 1296 1863 λελειμμένος
1315 1786 1451 1853 Meritus<
1471 1789 1592 1864 ἐπηγγεί-

267 1878 363 1926 maltas
389 1881 516 1941 pecunias
544 1881 608 1930 clare
641 1882 675 1930 ad
703 1882 869 1931 suadendam
916 1880 980 1936 λατο
997 1874 1125 1956 χρήματα
1142 1875 1221 1935 ἱκανδι
1233 1879 1271 1955 τῷ
1284 1878 1447 1956 Πτολεμαίῳ
1460 1879 1497 1956 τῷ
1510 1880 1594 1955 Δορυ-

269 1968 335 2028 rept'.
355 1965 397 2015 lb.
415 1973 507 2030 ltaque
524 1968 686 2018 Ptolemaeus
706 1971 736 2018 in
756 1971 869 2032 quodam
917 1967 1009 2041 μένους
1019 1966 1084 2044 πρὸς
1098 1967 1128 2024 τὸ
1143 1972 1234 2023 πεῖσαι
1247 1967 1292 2023 τόν
1309 1964 1433 2044 βασιλέα.
1448 1968 1496 2026 46.
1510 1964 1592 2024 Ὅθεν

268 2056 340 2104 atrio
353 2056 471 2117 positam
483 2059 561 2118 qnasi
580 2056 763 2120 resriperamtli
778 2060 870 2120 pratia
917 2053 1062 2113 σἰπολαόὼν
1082 2057 1096 2112 δ
1111 2057 1276 2130 Πτολεμαῖος
1292 2053 1327 2121 είς
1342 2079 1367 2112 τι
1381 2055 1537 2132 περίστυλον
1558 2057 1594 2121 ὡς

269 2156 355 2207 rerem
387 2145 456 2194 adiit
489 2151 513 2193 et
542 2145 650 2194 dedaait
681 2159 698 2194 a
724 2148 868 2196 sententia.
917 2141 1081 2222 ἀναψύξαντα
1103 2141 1148 2202 τὸν
1172 2140 1284 2222 βασιλέα
1307 2143 1447 2217 μετέθηκε.
1467 2145 1517 2202 47.
1541 2143 1594 2201 Καὶ

270 2233 313 2284 47.
345 2233 378 2281 lit
411 2233 558 2282 lleuelaam
590 2234 697 2296 quidem
729 2236 869 2285 aniversae
916 2232 959 2291 τὸν
984 2231 1031 2308 μίν
1057 2235 1104 2302 τῆς
1126 2229 1191 2299 ὅλης
1218 2233 1313 2297 κακίας
1343 2231 1428 2290 αἴτιον
1458 2230 1593 2292 Μενέλαον

269 2322 391 2370 malitiae
405 2335 479 2370 ream
495 2324 654 2372 criminibus
670 2323 785 2374 absolvit
793 2339 801 2383 ,·
817 2326 869 2372 mi·
917 2320 1033 2380 ἀπέλυσε
1052 2325 1105 2380 τῶν
1123 2321 1367 2400 κατηγορημάτων,
1383 2321 1437 2387 τοῖς
1456 2320 1483 2378 δὲ
1502 2323 1594 2379 ταλαι-

267 2423 337 2458 seros
358 2413 644 2473 attemptaturum
664 2414 736 2477 opud
756 2415 869 2476 Scythas
915 2409 1024 2488 πώροις,
1048 2408 1140 2477 οἵτινες
1165 2411 1188 2468 εί
1211 2409 1257 2468 καί
1284 2407 1329 2468 ίπὶ
1352 2411 1463 2468 Σκυδῶν
1491 2411 1592 2487 ἔλεγον,

267 2513 375 2548 causam
390 2500 529 2562 dicissent,
546 2503 698 2552 innocentes
714 2503 870 2552 ittdicaren-
917 2499 1087 2570 ἀπελύθησαν
1098 2497 1130 2557 δν
1142 2499 1357 2576 ἀκατάγνωστοι,
1371 2499 1471 2563 τούτοις
1482 2497 1594 2556 θάνατον

271 2595 323 2649 tar,
343 2589 389 2637 bos
409 2595 490 2638 morte
507 2591 656 2640 damnarit.
673 2591 715 2641 l8.
731 2593 789 2643 Cito
808 2605 870 2654 erpa
917 2587 1047 2669 ἐπέκρινα.
1063 2589 1111 2648 48.
1127 2588 1239 2666 Ταχίως
1258 2578 1303 2645 σύν
1325 2589 1371 2658 τήν
1391 2588 1481 2646 οίδικον
1496 2586 1593 2663 ζημίαν

268 2679 398 2728 inittstam
411 2691 524 2742 poenam
541 2680 678 2742 dederant,
694 2683 741 2744 qui
761 2695 811 2746 pro
831 2683 871 2730 ei·
917 2676 1032 2758 ὖπίσρρν
1052 2680 1075 2736 al
1093 2676 1155 2755 περὶ
1173 2677 1275 2746 πόλεως
1298 2677 1343 2734 καλ
1366 2676 1458 2753 δήμων
1476 2675 1521 2735 καὶ
1541 2681 1594 2735 τῶν

270 2770 351 2816 ritate
367 2775 390 2816 et
406 2767 506 2830 populo
526 2774 549 2817 et
569 2771 653 2818 sacris
672 2772 744 2819 vasis
764 2785 871 2820 causam
917 2769 994 2845 ἱερῶν
1026 2762 1127 2825 σκευῶν
1155 2765 1396 2844 προηγορήσαντες.
1420 2767 1467 2825 49.
1491 2768 1534 2825 Δι’
1562 2764 1594 2835 ἣν

269 2856 402 2919 prosecuti
421 2861 493 2905 suat.
512 2855 553 2906 49.
573 2861 658 2914 Quam
673 2859 705 2907 ob
723 2873 777 2908 rem
794 2862 871 2922 Tyrii
918 2855 1004 2914 αἰτίαν
1024 2855 1070 2914 καλ
1089 2853 1182 2934 Τύριοι
1202 2854 1465 2934 μισοπονηρήσαντες
1482 2854 1517 2913 el
1532 2853 1596 2933 πρδς

267 2957 369 3006 qaoque
382 2943 520 3005 indicanti
531 2958 595 3007 erpa
605 2947 680 3009 sepul
684 2953 772 2996 taram
782 2961 871 2997 eoram
917 2943 965 3014 τὴν
977 2944 1085 3014 κηδείαν
1098 2945 1185 3002 αὐτῶν
1198 2946 1408 3022 μεγαλοπρεπῶς
1418 2945 1594 3022 ἕχορήγησαν.

271 3031 457 3080 liberalissimi
479 3033 646 3082 exstiterant.
671 3035 714 3084 50.
738 3034 871 3084 [caelans
919 3035 968 3092 50.
987 3033 1021 3092 ‘0
1041 3033 1068 3090 δὲ
1084 3032 1218 3100 Μενέλαος
1237 3030 1280 3090 διὰ
1298 3033 1344 3100 τὰς
1358 3035 1410 3090 τῶν
1428 3033 1595 3110 κρατούντων

272 3127 359 3169 autem
379 3127 490 3184 propter
512 3133 602 3170 eorum
625 3123 672 3184 qul
696 3124 727 3172 t'rt
751 3127 872 3188 potentia
919 3121 1069 3190 πλεονεξίας
1084 3124 1174 3198 ἔμενεν
1189 3122 1233 3182 tat
1250 3126 1297 3192 τῆς
1313 3123 1410 3202 ἀρχῆς,
1425 3121 1595 3200 ἐπιφυόμενος

270 3216 347 3258 crant
369 3209 516 3260 auaritiam
535 3212 711 3275 permanebat
734 3215 766 3263 in
788 3222 872 3278 potes·
919 3212 1050 3289 τῇκακίρ
1066 3211 1148 3292 μέρος
1163 3213 1214 3270 τῶν
1228 3211 1344 3268 πολιτῶν
1358 3209 1497 3276 ίπίόουλος
1513 3215 1594 3268 καθε-

271 3307 324 3348 tate
344 3311 459 3350 crescens
479 3300 509 3348 in
526 3299 635 3350 tualitia
650 3303 685 3351 aa
700 3303 818 3352 insidias
837 3307 872 3354 ci·
921 3301 999 3365 οτώς,

268 3403 348 3438 riam.

303 3515 335 3563 ln
349 3526 376 3561 v.
395 3513 426 3562 34
443 3513 519 3562 Niese
534 3515 602 3577 legit
617 3512 658 3564 καὶ
671 3513 762 3575 πίστεις
778 3517 826 3584 (uti
840 3521 868 3568 iu
885 3516 941 3583 ar.)
957 3513 997 3568 ἐπὶ
1011 3513 1080 3586 δόλῳ
1094 3513 1135 3565 καί
1149 3511 1228 3574 ὃεξιλς
1243 3511 1304 3584 μεθ’
1319 3514 1398 3583 ὅρκων
1415 3513 1482 3573 δούς.

313 3643 472 3724 Menelao,
490 3645 562 3710 viro
575 3645 695 3734 impin,
710 3647 849 3716 fortuna
862 3670 984 3714 revera
997 3648 1148 3714 favebat.
1164 3651 1248 3712 Nam
1260 3668 1337 3714 cum
1351 3648 1424 3735 ipse
1438 3651 1597 3713 evocatus

270 3755 355 3818 esset
381 3750 422 3816 ad
452 3771 570 3838 regem
596 3758 738 3843 propter
764 3756 946 3844 pecuniam
971 3753 1129 3820 nandum
1155 3752 1303 3819 solutam
1329 3753 1385 3841 (cl.
1415 3775 1446 3818 ν.
1465 3752 1595 3839 etna),

270 3869 406 3926 τοιούτων
436 3867 465 3926 δὲ
491 3865 707 3942 συνεστηκότων
737 3882 815 3926 cum
844 3860 929 3927 talia
956 3866 1068 3926 essent
1096 3859 1296 3940 constituta,
1326 3857 1599 3928 Antioclmsres

271 3965 407 4050 cogitur
429 3964 474 4029 ob
496 3964 700 4032 seditionem
722 3967 846 4034 laetam
868 3969 903 4033 in
926 3966 1080 4034 Ciliciam
1101 3965 1208 4034 abire.
1232 3965 1366 4032 lncolae
1390 3965 1481 4033 enim
1506 3963 1600 4031 Tarsi

271 4071 389 4158 capitis
415 4068 550 4136 Ciliciae
576 4077 609 4136 el
639 4072 771 4139 incolae
793 4073 881 4140 llalli
911 4073 1006 4140 urbis
1038 4073 1191 4141 eiusdem
1220 4071 1369 4158 regionis
1399 4075 1597 4160 (Μαλλωτεί,

274 4176 451 4254 Arrianus,
475 4177 566 4243 Alex.
589 4183 662 4263 n‚5;
684 4179 874 4268 Μαλλώτης)
896 4179 940 4246 ad
959 4184 1145 4268 Pyramum
1166 4178 1323 4257 fluvium,
1347 4178 1441 4245 haud
1458 4177 1601 4263 longe-a

271 4282 373 4363 mari,
404 4281 605 4350 seditionem
635 4287 835 4365 movebant;
864 4295 892 4354 ὲν
923 4295 1018 4378 δωρεᾷ
1045 4309 1107 4376 per
1130 4284 1273 4352 modum
1299 4284 1392 4364 doni,
1422 4291 1600 4373 tamquam

269 4389 413 4470 donum,
428 4389 586 4459 similiter
598 4390 718 4480 Polyb.
736 4399 872 4474 28,l'l‚9
886 4402 988 4461 λαέεῑν
1004 4403 1032 4459 ἐν
1048 4403 1137 4481 pipp
1153 4393 1203 4481 (ut
1216 4389 1345 4478 dotem)
1360 4395 1476 4473 Κοίλην
1488 4395 1599 4478 Συρίαν

273 4497 281 4581 ί
290 4497 363 4581 Gr.)
380 4501 513 4564 Veteres
532 4499 577 4586 (v.
594 4520 630 4584 g.
647 4501 730 4588 Lep.
753 4499 878 4588 Calui.)
900 4505 934 4565 ei
954 4498 1157 4566 recentiores
1177 4507 1256 4587 apte
1274 4520 1336 4564 nos
1357 4497 1540 4564 remittunt
1554 4494 1599 4562 ad

269 4603 467 4670 Ciceronem
481 4604 528 4672 {in
540 4608 633 4670 Verr.
650 4611 779 4692 2‚3,33s
796 4627 801 4671 :
819 4636 833 4668 «
849 4607 957 4672 solere
973 4606 1069 4672 aiunt
1078 4605 1244 4672 barbaros
1256 4626 1355 4690 reges
1365 4608 1546 4671 Persarum
1560 4625 1600 4668 ac

267 4713 431 4796 Syrorum
444 4709 559 4798 plures
575 4734 695 4779 uxores
711 4713 851 4796 habere,
868 4713 921 4779 his
937 4719 1052 4781 autem
1067 4711 1232 4779 uxoribus
1246 4713 1400 4778 civitates
1412 4709 1600 4778 attribuere
