3625 5367
733 331 762 387 2.
787 342 881 389 ulcu.
904 328 1064 397 taor-34.
1506 330 1564 391 407

233 488 356 537 donariis
375 488 509 539 idolorum
524 504 591 553 qaae
607 491 681 554 apud
702 490 839 539 lumniam
884 476 944 543 τοὺς
968 480 1083 557 χιτῶνας
1111 477 1248 558 ἱερώματα
1275 482 1328 537 τῶν
1351 478 1404 539 ἀπὸ
1426 479 1560 556 Ἰαμνείας

232 574 352 639 turmot,
368 579 495 641 aquibus
512 578 553 629 lec
566 579 693 644 prohibet
708 578 836 639 ludaeos,
884 563 1013 642 εἰδώλων,
1026 567 1071 645 ἀρ’
1089 556 1126 625 ῶν
1144 571 1159 626 δ
1177 566 1257 643 νόμος
1276 566 1398 648 ἀπείργει
1418 567 1479 636 τοὺς
1492 570 1560 630 'loa-

231 665 353 715 omnibus
368 678 430 730 erpo
448 666 621 732 manifestam
636 665 737 731 {actum
753 674 790 717 eet
806 666 837 715 ob
884 655 980 723 δαίους·
991 663 1046 723 τοῖς
1064 656 1091 716 δὲ
1109 664 1177 715 πᾶσι
1197 653 1277 737 capt<
1296 655 1398 735 ἐγίνετο
1418 656 1462 716 διά
1478 656 1557 728 τήνδε

232 754 300 802 harre
321 768 429 805 causam
450 769 493 806 eos
514 758 656 807 corruisse.
679 756 723 807 tt.
744 756 845 806 omnes·
882 744 931 815 τήν
958 744 1045 805 αἰτίαν
1071 743 1164 804 τούσδε
1189 747 1368 806 πεπτωκέναι.
1388 749 1436 808 dl.
1455 747 1560 814 Πάντες

230 842 321 904 itaque
353 843 544 895 benedixerant
574 847 675 895 iactum
704 845 836 895 iudicium
882 824 927 892 οὗν
956 833 1147 911 εὐλογήσαντες
1173 838 1221 892 τοῦ
1247 834 1425 914 δικαιοκρίτου
1455 837 1556 915 Κυρίου

230 929 336 979 Domitii
356 934 403 995 qai
426 932 528 983 occulta
551 931 651 997 fecerat
673 932 835 997 manifecta5
882 928 927 981 τοῦ
942 922 975 982 rt
989 922 1160 1004 κεκρυμμένα
1180 921 1280 1004 φανερὰ
1293 928 1440 994 ποιοῦντας,
1455 926 1504 985 42.
1522 928 1558 991 εἷς

231 1016 367 1082 eratque
387 1022 428 1070 ita
448 1023 591 1087 adprecor
611 1023 731 1073 converti
752 1034 836 1091 ropa-
881 1012 995 1091 ἱκετείαν
1022 1011 1188 1091 ἐτράπησαν,
1210 1011 1368 1082 ἀξιώσαντες
1395 1012 1426 1071 rb
1452 1014 1557 1092 γεγονὸς

231 1114 337 1169 erraret,
349 1116 379 1158 at
393 1110 423 1158 id
437 1112 506 1173 quod
520 1110 620 1176 sactum
635 1118 693 1161 erat
709 1110 836 1161 delictam
882 1099 1032 1180 ἀμόρτημα
1041 1099 1148 1168 τελείως
1155 1100 1349 1182 ἀξαλειρδῆναι.
1357 1100 1392 1162 ‘0
1402 1100 1430 1161 δὲ
1440 1102 1558 1179 γενναῖος

229 1195 363 1247 oblivioni
380 1200 543 1250 traderetur.
556 1202 589 1251 At
599 1214 660 1251 aero
670 1199 835 1264 fortissimas
881 1187 982 1257 Ἰούδας
1017 1191 1185 1269 παρεκάλεσε
1218 1189 1248 1249 τὸ
1280 1192 1381 1261 πλῆθος
1416 1197 1554 1271 συντηρεῖν

229 1285 311 1335 lrtdae
337 1286 500 1338 hortabatur
525 1288 655 1353 papalum
678 1302 835 1339 coacervare
865 1272 989 1345 ’ἑαυτοὺς
1012 1279 1215 1358 ἀναμαρτήτους
1232 1269 1311 1353 εἶναι,
1327 1278 1370 1337 ὑπ’
1386 1279 1445 1360 ὄψιν
1465 1282 1554 1359 ἑωρα-

228 1387 254 1421 se
270 1375 328 1437 cirre
338 1382 455 1440 peccato,
471 1377 519 1426 cab
534 1376 618 1426 oratic
634 1378 752 1427 uidentes
767 1391 834 1440 qaae
880 1367 960 1436 κότας
973 1367 1007 1426 τά
1021 1368 1147 1446 γεγονότα
1165 1367 1209 1427 διὰ
1227 1367 1275 1439 τήν
1296 1370 1347 1427 τῶν
1365 1368 1556 1447 προπεπτωκό-

228 1460 302 1524 iacta
322 1471 385 1513 runt
402 1468 581 1530 propeccatis
601 1479 693 1518 eoram
707 1467 755 1529 qai
768 1479 834 1531 pro·
880 1481 932 1516 των
946 1455 1090 1537 ἁμαρτίαν.

230 1552 312 1599 strati
332 1558 405 1602 caat.

265 1638 308 1689 to.
324 1640 358 1689 lit
372 1640 445 1704 {octa
463 1641 607 1693 collatione
620 1644 757 1693 duodecim
769 1642 833 1693 mit-
885 1633 890 1641 ’
920 1640 970 1697 43.
1004 1633 1188 1712 Ποιηοάμενός
1220 1658 1249 1694 τε
1284 1633 1343 1693 κατ’
1379 1634 1550 1714 ἀνδρολογίαν

227 1725 267 1775 lio
280 1728 423 1779 drachmas
436 1732 544 1794 arpenti
557 1732 631 1781 misit
642 1731 833 1795 lerosolymam
879 1724 1126 1801 κατασκευάσματα
1141 1727 1177 1792 είς
1192 1723 1318 1804 ἀργυρίου
1335 1721 1458 1803 δραχμάς
1470 1724 1553 1802 διςχι-

226 1816 317 1877 offerri
336 1831 387 1881 pro
408 1820 524 1883 peccatis
543 1828 709 1870 mortuoram
728 1822 832 1886 sacrifi·
878 1813 945 1883 λίας,
964 1812 1118 1873 ἀπέστειλεν
1137 1815 1173 1881 εἷς
1191 1811 1363 1894 Ἱεροσόλυμα
1380 1818 1555 1891 προςαγαγεῖν

224 1904 303 1964 riam,
319 1904 382 1954 berre
404 1902 429 1956 ct
450 1907 576 1971 relipiocr
591 1908 622 1957 tle
631 1910 832 1979 resurrection-e
878 1903 940 1983 περὶ
952 1902 1085 1983 ἁμαρτίας
1093 1901 1198 1975 θυσίαν,
1209 1903 1279 1962 moira
1289 1903 1376 1967 καλῶς
1386 1898 1432 1958 καλ
1442 1898 1554 1967 ἀστείως

225 1993 362 2057 capitano:
377 1993 420 2044 ll.
437 1996 494 2044 aiei
514 1997 586 2046 caim
606 2010 648 2046 eos
668 1998 715 2060 qai
734 1998 832 2047 cecide·
877 1991 1013 2070 πράττων,
1035 1990 1102 2069 ὑπὲρ
1130 1991 1299 2056 ἀναστάσεως
1326 1987 1553 2066 ἀναλογιζόμενος·

223 2088 288 2130 rant
308 2090 505 2135 resurrecturae
521 2091 652 2149 speraret,
668 2086 832 2150 superfluam
876 2083 926 2141 44.
942 2081 965 2138 ti
977 2079 1015 2155 μή
1029 2079 1080 2159 γάρ
1091 2079 1152 2152 τοὺς
1164 2078 1393 2159 προπεπτωκότας
1406 2080 1554 2149 ἀναστῆναι
1608 2128 1610 2135 .

223 2170 363 2221 rideretur
382 2178 405 2221 et
424 2185 525 2223 aarum
544 2187 623 2223 orare
637 2187 688 2237 pro
702 2175 829 2231 martiam
876 2168 1032 2248 προςεδόκα,
1060 2167 1186 2247 περισσὸν
1210 2158 1243 2239 ήν
1271 2167 1317 2225 καὶ
1344 2169 1461 2244 ληρῶδες
1487 2165 1553 2245 ὑπὲρ

224 2256 267 2306 te.
289 2264 313 2306 et
337 2260 402 2321 quia
426 2261 614 2311 considerabat
637 2262 705 2323 qaod
728 2262 757 2311 hi
783 2263 830 2325 qai
876 2261 975 2335 νεκρῶν
1007 2257 1141 2335 εὔχεσθαι·
1167 2259 1216 2315 45.
1243 2244 1292 2312 εἶτ’
1321 2252 1464 2328 lpidam
1497 2262 1551 2320 τοῖς

222 2360 279 2395 caor-
308 2348 409 2411 pietate
440 2350 629 2400 dormitionem
660 2356 828 2414 acceperant,
876 2346 936 2421 μετ’
949 2342 1083 2411 εὐσιόείας
1098 2341 1276 2422 κοιμωμένοις
1286 2342 1429 2401 κάλλιστον
1444 2342 1552 2400 ἀποκεί-

221 2436 349 2499 optimam
372 2436 500 2487 haberent
524 2439 668 2503 repositam
693 2440 828 2501 pratiam;
876 2428 954 2509 μενον
966 2431 1147 2513 χαριστήριον,
1157 2430 1218 2492 baia
1229 2430 1275 2489 καί
1285 2428 1422 2502 εὗσιόήςή
1436 2428 1549 2491 ἐπίνοια·

221 2520 265 2571 ib.
280 2532 374 2574 cancta
389 2539 451 2589 erqo
467 2533 489 2576 et
505 2526 625 2576 calabris
645 2534 682 2576 est
700 2516 829 2591 capitatio
874 2523 933 2583 ὅθεν
967 2521 1029 2602 περὶ
1062 2524 1114 2580 τῶν
1146 2518 1309 2593 τεθνηκότων
1337 2519 1382 2578 τόν
1408 2517 1549 2596 ίίιλασμὸν

219 2624 269 2675 pro
284 2612 417 2678 defunctis
433 2628 554 2677 exorare,
570 2622 598 2666 ut
615 2617 761 2680 apeccatis
776 2614 828 2665 col·
875 2609 1019 2683 ἐποιήσατο
1032 2613 1080 2681 τῆς
1094 2610 1227 2691 ἁμαρτίας
1241 2610 1416 2680 ἀπολυθῆναι.

220 2707 332 2753 cantur.

255 2860 287 2909 In
302 2873 329 2909 ν.
344 2861 376 2910 35
393 2874 443 2925 pro
458 2862 601 2913 Bacenore
621 2860 703 2925 (allas
722 2860 828 2927 ignoto)
848 2863 984 2927 praebent
998 2862 1048 2913 le.
1065 2860 1108 2912 et.
1126 2862 1169 2911 64.
1186 2861 1219 2912 93
1235 2876 1284 2910 των
1303 2855 1457 2924 Τουοιηνων,
1473 2857 1547 2911 unde

218 2948 369 2999 Dositheus
383 2950 497 3014 quidam
512 2963 546 3002 ex
562 2950 673 3002 ludaeis
688 2953 717 3001 lu
731 2952 802 3003 locis
817 2952 918 3014 Tubin,
935 2951 1104 3003 'rubianaeis
1118 2948 1143 3017 (l
1160 2950 1250 3002 Maeli.
1269 2947 1353 3017 52¹³)-

262 3135 336 3199 Post
359 3137 578 3201 Pentecosten
603 3134 774 3223 expeditio
798 3143 955 3224 suscepta
980 3140 1031 3201 est
1051 3140 1171 3202 contra
1195 3134 1369 3221 Gorgiam,
1393 3132 1453 3220 qui
1477 3136 1550 3199 erat

216 3238 284 3305 dux
303 3238 452 3305 militum
472 3240 507 3305 in
528 3239 700 3306 Idumaea.
719 3240 881 3307 Idumaea
900 3241 1029 3327 legitur
1048 3240 1139 3329 apud
1159 3260 1283 3305 omnes
1301 3243 1419 3317 testes;
1436 3235 1546 3325 aliqui

217 3348 350 3412 mutare
375 3344 495 3413 volunt
524 3346 673 3430 Ἰαμνείας
698 3344 742 3411 ob
765 3351 782 3411 1
806 3345 910 3413 blech.
935 3352 1029 3427 5,5·1,
1050 3344 1131 3435 quia
1151 3346 1187 3411 in
1209 3366 1250 3411 ea
1274 3342 1359 3410 urbe
1382 3341 1550 3409 militibus

217 3458 376 3540 praeerat
390 3457 423 3517 et
437 3475 456 3519 a
472 3452 615 3541 losepho
630 3452 825 3542 appellatur
839 3463 854 3521 b
868 3470 923 3537 τῆς
943 3452 1092 3537 Ἰαμνείας
1108 3456 1274 3541 στρατηγός
1291 3454 1383 3540 (Ant.
1403 3447 1544 3537 taso).

216 3557 281 3625 Sed
302 3558 387 3625 haec
406 3559 557 3625 narratio
576 3558 678 3649 plane
697 3558 829 3625 aliaest
846 3580 952 3648 quam
969 3579 1057 3649 quae
1078 3565 1095 3626 1
1117 3559 1230 3625 Mach.
1248 3563 1327 3641 5,5r
1349 3579 1421 3645 seq.
1442 3555 1548 3622 habe·
1588 3585 1593 3593 ·

215 3669 272 3730 tur
295 3669 329 3731 et
352 3664 503 3752 gratuito
529 3671 687 3732 asserunt
711 3665 768 3732 hic
794 3665 910 3732 afferri
933 3664 1154 3732 traditionem
1182 3663 1366 3749 diversam,
1390 3684 1459 3751 qua
1485 3661 1547 3728 illa

214 3770 326 3839 clades
348 3772 383 3838 in
408 3771 588 3838 victoriam
613 3776 775 3838 mutetur.
801 3772 917 3840 ludaei
947 3770 1120 3862 progressi
1143 3777 1223 3840 sunt
1252 3776 1393 3859 ὥρμησαν
1424 3773 1544 3836 eontra

214 3878 387 3966 Gorgiam,
409 3878 469 3968 qni
490 3900 530 3945 ex
550 3880 693 3965 regione
717 3878 960 3947 ldumaeorum
984 3899 1142 3966 egressus
1164 3882 1236 3945 erat
1257 3883 1376 3945 contra
1398 3876 1541 3943 ludaeos
1578 3867 1581 3874 ’

211 4006 289 4051 cnm
303 3983 413 4052 tribus
428 3984 583 4052 millibus
598 3983 754 4074 peditum
768 3990 802 4053 et
816 3985 1079 4076 quadringentis
1097 3983 1269 4075 equitibus
1282 4005 1315 4050 ν.
1332 3989 1387 4050 33.
1402 3986 1541 4050 Senten-

212 4090 294 4159 tiam
318 4091 440 4160 referri
462 4090 507 4158 ad
527 4090 687 4179 Gorgiam
713 4092 871 4182 plerique
898 4091 1140 4159 intellexerunt
1164 4095 1199 4159 et
1220 4095 1314 4180 patet
1337 4112 1376 4157 ex
1400 4111 1544 4158 numero

210 4198 378 4289 equitum,
396 4220 483 4288 quos
505 4198 604 4265 ludas
622 4218 801 4289 nunquam
822 4199 955 4267 habuit.
976 4203 1097 4285 Pugna
1110 4198 1201 4266 lacta
1219 4198 1322 4287 pauci
1340 4197 1544 4265 ludaeorum
1637 4249 1639 4252 .

211 4304 421 4373 oeciderunt.
433 4303 611 4373 Dositheus
626 4305 780 4395 quidam,
796 4328 885 4374 unus
899 4328 940 4373 ex
955 4305 1123 4373 militibus
1141 4303 1338 4383 Bacenoris3
1354 4303 1403 4369 ita
1422 4301 1542 4369 distin·

212 4412 332 4499 guitur
352 4435 373 4480 a
394 4412 553 4480 Dositheo
573 4411 636 4479 illo
657 4434 690 4480 v.
714 4418 829 4495 19:2h,
846 4423 970 4501 ἔφιππος
994 4416 1068 4500 ἀνὴρ
1089 4412 1143 4478 vir
1164 4432 1254 4498 equo
1272 4407 1543 4496 insidens-equo

212 4523 342 4601 vectus,
367 4543 437 4610 qua
462 4519 690 4611 appellatione
716 4517 890 4588 indicatur
912 4520 1043 4609 aliquos
1068 4517 1210 4607 quidem
1233 4516 1330 4605 equis
1350 4520 1485 4583 utentes
1508 4514 1545 4581 in

211 4627 362 4696 exercitu
377 4627 480 4695 Iudae
497 4647 682 4717 pugnasse,
699 4626 761 4695 sed
779 4627 957 4695 cohortem
976 4623 1132 4716 equitnm
1148 4623 1181 4691 ei
1194 4627 1330 4713 praesto
1342 4642 1416 4689 non
1429 4621 1544 4688 luisse.

212 4734 390 4803 Dositheus
407 4736 522 4825 itaque
537 4732 683 4802 firmiter
701 4734 841 4803 tenebat
859 4733 1021 4822 Gorgiam
1041 4738 1076 4800 et
1094 4730 1201 4822 pallio
1220 4729 1431 4821 prehensum
1448 4727 1544 4796 lorti·
