3625 5367
258 303 315 363 156
777 301 804 359 l.
830 317 922 361 naen.
946 303 1086 374 &dd-tlt.

256 473 333 519 rum
353 452 487 542 perlata
509 452 563 534 sit,
590 451 627 518 id
646 473 765 517 eorum
782 451 955 541 potentiae
978 451 1113 541 pondus
1137 451 1273 517 addidit
1295 451 1390 519 haud
1411 451 1587 538 exiguum.

301 564 383 626 Rom
403 581 500 624 suam
511 559 616 644 legati
634 565 830 648 proponunt
848 557 884 623 in
902 557 1012 638 curia,
1028 557 1062 624 iu
1084 563 1205 626 senatu
1225 581 1258 624 v.
1278 563 1331 624 19.
1350 557 1512 626 Romanis
1531 580 1592 625 au-

257 672 326 730 tem
341 685 408 732 non
419 665 531 754 potuit
544 687 616 732 non
633 687 704 731 esse
723 669 918 754 acceptum,
936 664 1031 754 quod
1043 664 1086 730 iis
1099 687 1189 731 nova
1202 665 1374 753 quaedam
1390 665 1592 755 opportuni-

256 778 308 837 tas
321 771 501 839 offerretur
511 794 584 839 sese
599 771 782 858 ingerendi
799 771 834 836 in
846 770 987 857 negotia
1003 769 1095 857 regis
1111 773 1246 860 Syriae3
1264 773 1406 861 insuper
1420 770 1590 838 Demetrio

258 879 370 944 hostes
382 878 521 959 addere,
539 881 579 944 iis
592 883 793 968 pergratum
812 883 902 957 erat;
920 879 1105 964 aufugerat
1120 880 1208 944 enim
1226 877 1286 944 ille
1298 879 1417 945 invitis
1431 878 1593 946 Romanis

257 984 301 1050 ab
323 985 408 1051 urbe
439 1006 656 1074 regnumque
687 984 870 1074 capessivit
895 985 952 1074 (cf.
974 986 1059 1074 ’1,1).
1086 985 1271 1052 Exhibetur
1299 1008 1331 1051 v.
1355 991 1397 1051 22
1415 989 1592 1073 ἀντίγραφον

256 1091 451 1180 exemplum
476 1092 687 1180 descriptum
712 1091 912 1157 documenti
936 1091 1084 1158 foederis
1108 1092 1269 1172 conclusi,
1289 1091 1381 1180 quod
1405 1092 1591 1158 documen-

256 1206 330 1264 tum
348 1196 475 1264 tabulis
498 1198 608 1265 aereis
628 1202 702 1265 erat
724 1196 942 1287 inscriptum.
962 1198 1091 1266 llicitur
1112 1197 1200 1264 illud
1225 1197 1503 1283 documentumt
1526 1204 1591 1266 ἐπι-

256 1313 361 1387 στολή,
377 1306 427 1371 uti
439 1327 504 1370 vox
521 1303 709 1372 adhibetur
727 1304 770 1370 de
790 1303 935 1371 decretis
954 1326 1076 1391 regum
1096 1305 1222 1394 scripto
1247 1305 1377 1372 traditis
1400 1305 1497 1392 (Neh.
1512 1311 1591 1388 2,'t;

257 1410 346 1499 6,5);
362 1414 398 1494 ἧς
414 1415 597 1498 ἀντέγραψεν
617 1411 689 1478 scil.
713 1418 852 1477 senatus
866 1411 962 1478 dedit
981 1433 1183 1502 responsum
1202 1412 1385 1502 scriptum;
1403 1415 1591 1500 ἀντέγραψαν

258 1519 291 1594 [s
305 1521 331 1582 h
343 1517 440 1604 vulg,
463 1522 498 1597 S,
512 1517 559 1605 s),
578 1517 683 1606 idque
701 1519 841 1584 missum
858 1519 1053 1602 Ierusalem,
1067 1524 1107 1586 ut
1123 1522 1209 1584 esset
1222 1526 1483 1584 monumentum
1498 1518 1594 1607 pacis

256 1630 290 1689 et
309 1625 480 1691 societatis
495 1622 588 1690 belli.
606 1629 695 1691 Bene
712 1645 785 1690 rem
799 1624 949 1691 declarat
965 1626 1138 1714 losephus,
1154 1625 1328 1714 exemplar
1350 1629 1488 1692 senatus
1509 1647 1593 1690 con-

256 1730 337 1797 sulti
351 1731 388 1797 in
403 1729 566 1799 ludaeam
585 1731 723 1798 missum
740 1753 823 1813 esse,
840 1731 929 1797 illud
945 1753 1026 1798 vero
1046 1731 1160 1820 ipsum
1177 1738 1316 1798 senatus
1336 1729 1534 1798 consultum
1554 1731 1590 1796 in

256 1835 393 1904 tabulas
411 1860 533 1904 aeneas
548 1838 694 1904 incisum
710 1838 746 1904 in
760 1837 967 1927 Capitolium
983 1860 1054 1904 esse
1071 1838 1232 1904 relatum.
1245 1837 1353 1904 Etiam
1365 1837 1527 1925 Polybius
1540 1859 1593 1904 re·

257 1943 323 2008 fert
337 1942 478 2010 foedera
490 1967 567 2009 cum
586 1943 927 2029 Carthaginiensibus
942 1943 1028 2010 inita
1050 1952 1079 2012 ἐν
1100 1947 1278 2032 χαλκώμασι
1295 1942 1388 2032 apud
1402 1948 1515 2010 lovem
1530 1947 1593 2010 Ca-

257 2048 416 2138 pitolium
431 2050 468 2115 in
483 2050 653 2116 Aedilium
675 2050 808 2116 aerario
825 2061 867 2117 ἐ’-,ι
888 2067 936 2117 νῦν
951 2052 1118 2117 asservari
1132 2051 1290 2140 (ΗΜ).

302 2155 441 2222 lnitium
457 2157 497 2223 fit
515 2179 533 2222 a
552 2159 661 2223 fausta
675 2155 921 2245 adprecatione
935 2179 967 2224 v.
983 2163 1040 2234 23,
1058 2180 1093 2246 q.
1116 2157 1149 2224 d.
1172 2157 1268 2246 quod
1281 2155 1361 2224 lelix
1372 2155 1593 2244 faustumque

257 2262 298 2327 sit
315 2263 475 2328 Romanis
489 2285 599 2353 aeque
612 2285 651 2329 ac
667 2262 814 2343 ludaeis,
832 2262 953 2330 foedus
965 2265 1139 2353 utrimque
1151 2263 1281 2331 inimus
1295 2263 1384 2330 bene
1400 2267 1588 2352 precantes,

259 2375 296 2433 ut
309 2367 398 2435 illud
411 2371 565 2459 utrisque
578 2375 697 2436 contra
712 2371 827 2436 hostes
842 2369 993 2438 salutare
1004 2392 1113 2460 aeque
1127 2391 1166 2437 ac
1181 2375 1387 2459 perpetuum
1402 2370 1443 2434 sit
1461 2369 1589 2456 (Lep).

207 2549 210 2554 ,
258 2476 292 2541 si
309 2460 579 2563 priusltomanis
593 2482 653 2544 aut
667 2476 768 2542 sociis
791 2477 923 2544 bellum
946 2477 1118 2559 institerit,
1141 2485 1170 2544 ἐν
1200 2478 1306 2566 Ῥώμῃ
1322 2476 1359 2542 in
1381 2473 1510 2541 ditione
1535 2495 1592 2539 ro-

257 2604 371 2665 mana,
390 2590 448 2649 aut
464 2582 564 2650 sociis
583 2582 620 2649 in
634 2583 871 2650 dominatione
891 2589 1137 2664 Romanorum,
1157 2583 1359 2651 ludaeorum
1377 2603 1460 2668 gens
1474 2610 1593 2666 συμμα-

257 2700 355 2777 χήσει,
371 2689 607 2772 auxiliabitur,
624 2697 727 2779 prout
747 2690 898 2758 conditio
920 2692 1084 2780 temporis
1107 2689 1378 2779 praescripserit,
1401 2688 1456 2768 vel
1475 2687 1592 2777 potius

260 2806 415 2886 ὑπογραφῇ
426 2801 528 2884 prout
539 2797 777 2885 opportunitas
791 2781 922 2882 (auxilii
939 2796 1082 2882 ferendi)
1095 2797 1138 2863 iis
1159 2795 1370 2885 praescripta
1390 2795 1498 2861 luerit
1509 2816 1555 2860 sc.
1573 2816 1594 2859 a

262 2903 432 2984 Romanis,
451 2901 551 2969 corde
564 2901 668 2990 pleno
687 2903 712 2968 i.
727 2925 758 2968 e.
784 2904 928 2981 sincer0,
949 2910 985 2968 ut
1005 2903 1079 2969 scil.
1102 2903 1164 2969 toti
1183 2927 1217 2968 se
1234 2901 1437 2991 impendant
1453 2900 1593 2966 utilitati

262 3013 512 3076 Romanorum·
522 3014 624 3074 Porro
646 3031 678 3075 v.
697 3014 739 3074 26
759 3016 794 3075 et
814 3008 1067 3098 proeliantibus
1093 3010 1164 3075 scil.
1198 3008 1331 3076 ludaeis
1359 3007 1502 3099 Romani
1524 3029 1592 3072 uon

260 3114 392 3182 dabunt
424 3115 588 3196 triticum,
611 3136 720 3196 arma,
746 3115 928 3205 pecuniam
950 3105 1014 3182 elo.
1037 3115 1154 3182 ludaei
1177 3116 1286 3201 igitur
1308 3114 1377 3180 suis
1398 3113 1594 3203 sumptibus

260 3242 363 3310 opem
385 3223 476 3290 ferre
503 3221 691 3289 debebunt.
709 3227 759 3288 lta
788 3222 894 3288 verba
918 3221 1091 3312 accipiunt
1111 3225 1195 3310 ch.
1216 3220 1425 3304 dimicabitis,
1443 3218 1591 3302 Tirimcs,

263 3328 373 3395 Colm.
395 3331 452 3396 Gr.
470 3331 510 3395 K.
525 3332 597 3407 h's.;
615 3328 747 3395 aliterS
766 3350 773 3395 :
791 3335 825 3396 et
839 3328 995 3395 hostibus
1011 3328 1140 3394 bellum
1157 3327 1356 3414 gerentibus
1368 3349 1444 3394 cum
1461 3327 1508 3392 eis
1522 3347 1593 3391 non

261 3435 392 3500 dabunt
406 3435 567 3502 iuvamen
585 3440 619 3500 et
634 3435 869 3524 prohibebunt
886 3435 931 3501 ab
947 3435 997 3500 eis
1012 3434 1125 3502 tritico
1140 3442 1202 3500 cte.
1217 3451 1244 3500 ts
1261 3456 1340 3499 vero
1357 3453 1363 3499 :
1380 3439 1413 3499 et
1427 3430 1594 3498 adiutori-

261 3539 325 3606 bus
350 3563 422 3607 non
450 3540 582 3608 dubunt
603 3544 699 3631 etad,
721 3542 882 3631 Iosephus
909 3563 916 3609 :
945 3550 1017 3626 μηδὲ
1042 3559 1104 3622 ’.εἰς
1126 3549 1288 3624 seleucim
1309 3555 1464 3628 χερηγεῖν,
1489 3559 1593 3627 quam

260 3649 495 3738 acceptionem
520 3672 527 3716 z
549 3671 591 3715 ne
623 3648 739 3716 ludaei
773 3648 1035 3714 subministrent
1069 3648 1233 3714 hostibus
1259 3651 1504 3726 Romanorum,
1535 3643 1593 3710 alii

261 3777 397 3845 quoque
417 3761 616 3845 proponunt
632 3755 804 3844 (Drusius,
827 3754 978 3834 Gratim,
1003 3753 1220 3842 Wernsdors,
1237 3752 1302 3818 Fit.
1316 3752 1403 3840 alii).
1422 3757 1463 3818 at
1483 3773 1594 3841 perse
1701 3819 1704 3824 ,

261 3868 354 3950 patet
368 3863 483 3928 hostes
506 3867 737 3929 Romanorum
758 3883 829 3928 non
851 3885 921 3928 esse
944 3859 1160 3927 adiuvandos
1182 3883 1203 3927 a
1222 3859 1323 3926 sociis
1342 3862 1591 3925 Romanorum.

262 3968 344 4031 Dein
360 3968 455 4054 quod
475 3967 616 4033 additur
638 3987 646 4033 ε
666 3967 755 4033 sicut
771 3966 909 4057 placuit
929 3966 1104 4051 Romanis,
1119 3967 1208 4035 bene
1230 3967 1390 4054 congruit
1411 3963 1520 4055 priori
1538 3985 1594 4030 ex-

262 4071 454 4159 plicationi3
472 4072 527 4137 vix
546 4073 735 4150 secundae3
756 4073 899 4163 insuper
920 4073 999 4141 vide
1029 4097 1060 4140 v.
1082 4080 1136 4142 28.
1161 4079 1341 4140 Praeterea
1362 4070 1477 4139 ludaei
1499 4076 1595 4158 culd-

262 4183 360 4258 ξον-,αι
383 4181 419 4246 τὰ
442 4185 621 4266 φνλάγματα
645 4187 739 4247 αὐτῶν
760 4179 994 4247 observabunt
1018 4203 1107 4268 quae
1131 4180 1344 4248 observanda
1369 4183 1481 4260 erunt,
1503 4198 1593 4265 quae

261 4285 342 4375 ipsis
361 4287 558 4356 allomanis
580 4269 859 4375 praescribentur
881 4292 965 4354 εὒθὲν
990 4293 1144 4368 λαέὁντες,
1158 4287 1207 4353 ita
1228 4295 1266 4352 ut
1289 4285 1376 4352 nihil
1401 4282 1589 4373 accipiant;

261 4392 380 4478 gratis,
400 4394 475 4460 sine
499 4392 776 4484 compensatione
798 4394 917 4459 omnia
941 4393 1176 4482 praestabunt.
1192 4397 1280 4460 llaec
1301 4390 1410 4477 igitur
1430 4395 1510 4456 sunt
1537 4393 1593 4456 lu-

261 4501 426 4567 daeorum
443 4502 576 4567 munia.

304 4612 340 4673 lu
360 4608 469 4674 altera
484 4607 631 4674 foederis
643 4612 739 4696 parte
756 4631 789 4674 v,
804 4613 858 4673 27.
874 4613 918 4674 28
933 4608 1094 4674 statuitur
1109 4611 1338 4674 Romanorum
1351 4602 1509 4671 ‘officium
1527 4621 1535 4669 t
1552 4601 1595 4669 si-

262 4712 342 4779 mile
362 4714 525 4781 auxilium
552 4714 757 4800 gratuitum,
775 4715 960 4796 sincerum,
983 4712 1207 4803 pracstabunt
1227 4711 1368 4779 Romani
1389 4709 1532 4791 ludaeis,
1551 4717 1595 4789 ὡς
