3625 5367
706 360 734 417 l.
758 377 850 421 unca.
876 361 1034 432 lom-39.
1481 360 1541 452 «185¹

249 504 382 574 ludaeis
395 506 433 572 in
452 528 515 572 suo
528 506 677 575 exercitu
694 508 865 596 insignem
876 511 1046 577 honorem
1066 509 1217 575 tribuere
1235 507 1306 574 vult
1322 509 1453 574 ratione
1471 530 1537 574 nu-

201 612 301 695 meri,
329 633 525 696 munerum,
547 611 773 700 dignitatum
799 616 842 684 ad
863 625 905 684 30
923 616 1032 683 millia
1048 615 1154 704 copiis
1173 614 1267 702 regis
1282 613 1536 695 adscribantur,

201 720 273 787 scil.
298 741 338 786 ex
356 717 489 786 ludaeis
508 719 619 809 quiin
635 722 795 790 universo
817 725 892 790 eius
908 744 1018 810 regno
1038 721 1211 804 incolunt;
1234 743 1304 788 non
1326 743 1365 787 ex
1389 721 1462 788 sola
1486 727 1538 788 lu-

202 826 287 892 daea
302 829 466 912 (ceterum
481 826 524 892 cl.
546 827 676 916 12,t1);
698 827 742 895 iis
757 835 881 897 cuncta
893 830 1115 896 donabuntur
1129 833 1220 908 ξένια,
1238 827 1325 894 sieut
1336 828 1447 894 solent
1462 827 1537 895 dari

200 931 370 999 militibus
399 931 502 1018 regis,
532 933 708 1022 stipendia
729 936 803 1002 scil.
835 935 1019 1016 militaria,
1055 956 1143 1024 quae
1171 933 1279 1023 copiis
1307 933 1534 1017 conductitiis,

200 1037 434 1119 mercenariis,
462 1043 568 1120 ξενίοις
591 1039 667 1106 dari
686 1041 798 1108 solent
818 1062 825 1108 :
846 1042 1060 1120 vestimenta,
1077 1041 1201 1118 victus,
1227 1039 1388 1130 pecunia.
1413 1044 1536 1108 Verum

199 1151 306 1234 patet,
322 1143 500 1212 sitantum
521 1168 708 1214 numerum
727 1148 876 1216 militum
899 1148 1104 1215 ludaeorum
1124 1145 1190 1212 sibi
1209 1147 1370 1235 postulat,
1394 1146 1535 1213 minime

199 1271 318 1336 regem
346 1257 501 1341 spectare
529 1253 642 1319 solum
669 1254 837 1322 bonorem
861 1254 1079 1334 ludaeorum,
1107 1253 1168 1342 sed
1192 1252 1405 1342 potissimum
1436 1274 1534 1320 suam

200 1356 308 1446 ipsius
318 1357 518 1443 utilitatem,
540 1381 646 1448 quam
659 1383 679 1445 a
692 1361 753 1428 tali
771 1361 974 1429 exercituin
993 1383 1092 1429 suam
1111 1381 1249 1426 causam
1265 1358 1423 1425 derivare
1436 1363 1535 1448 pote-

201 1463 262 1546 rit,
283 1486 365 1530 nam
381 1472 510 1553 quanta
532 1466 738 1534 tortitudine
762 1467 879 1535 ludaei
894 1471 1106 1558 pugnarent,
1133 1467 1205 1532 iam
1220 1465 1302 1532 satis
1323 1487 1404 1532 eum
1419 1465 1536 1532 docuit

202 1570 425 1660 experientia.
448 1577 592 1662 Insuper
614 1573 642 1639 si
657 1595 719 1640 suo
740 1575 906 1642 exercitui
929 1581 978 1640 tot
996 1573 1166 1641 insereret
1186 1571 1339 1652 ludaeos,
1362 1571 1534 1662 quomodo

200 1676 270 1744 iam
284 1676 344 1743 alii
358 1677 475 1745 ludaei
487 1699 569 1745 suae
585 1678 811 1748 dominationi
824 1702 859 1747 se
871 1681 1134 1747 subtraherent?
1146 1678 1263 1745 Milites
1276 1678 1418 1744 ludaeos
1433 1678 1535 1744 etiam

200 1783 370 1851 collocare
382 1784 458 1851 vult
471 1784 507 1850 in
523 1786 776 1853 munitionibus
790 1789 883 1873 regis
898 1785 1038 1874 magnis
1054 1785 1203 1875 (graece,
1220 1789 1252 1866 S,
1269 1783 1316 1872 s);
1335 1805 1424 1870 ergo
1437 1784 1539 1851 firma

200 1890 372 1978 praesidia
386 1912 507 1957 eorum
527 1890 686 1959 fidelitati
704 1896 908 1974 committet,
927 1892 1019 1982 quod
1035 1891 1138 1958 simul
1152 1891 1203 1958 eis
1225 1891 1393 1958 honorem
1407 1892 1539 1957 conlcrt

201 2001 235 2064 et
253 2018 351 2064 suam
364 2018 449 2082 erga
463 2019 521 2064 eos
535 1997 699 2065 fiduciam
712 2005 868 2067 testatur.
888 2005 992 2066 Porro
1007 2021 1047 2066 ex
1069 1998 1165 2065 hisce
1181 1995 1349 2064 militibus
1366 1997 1471 2064 etiam
1485 2019 1538 2064 as·

200 2125 337 2170 sumere
361 2103 435 2169 vult
458 2104 504 2171 ad
524 2106 667 2192 negotia
689 2106 789 2192 regni
810 2091 992 2174 tractanda
1013 2104 1232 2191 gravissima,
1259 2125 1348 2192 quae
1367 2125 1537 2171 summam

201 2208 305 2275 tidem
325 2208 519 2299 requirunt,
543 2233 717 2280 summum
743 2211 932 2294 silentium,
954 2216 1122 2278 secretum
1146 2231 1318 2278 summum
1340 2210 1474 2300 (Lap.);
1497 2233 1537 2277 ex

201 2315 244 2381 iis
264 2337 402 2404 quoque
426 2321 527 2382 sunto
550 2324 708 2405 ἄρχοντες,
730 2317 916 2408 principes,
941 2317 1162 2404 magistratus
1183 2319 1219 2383 in
1237 2316 1380 2385 summis
1401 2315 1536 2382 honori·

195 2422 283 2504 ¹bus;
310 2428 358 2490 καὶ
381 2433 406 2491 οἱ
431 2425 477 2492 ἐπ’
501 2428 597 2490 αὐτῶν
627 2424 710 2512 ipsis
736 2424 870 2491 ludaeis
895 2446 964 2490 non
993 2423 1235 2513 praeficientur
1257 2422 1322 2489 nisi
1352 2421 1480 2503 ludaei,
1504 2429 1538 2489 et

204 2535 362 2595 servanto
376 2528 470 2617 leges
484 2551 573 2612 suas,
591 2529 679 2598 sicut
692 2553 751 2597 rex
766 2531 871 2597 etiam
886 2529 1061 2596 ordinavit
1075 2529 1112 2594 in
1127 2536 1218 2595 terra
1233 2529 1327 2596 luda.
1345 2533 1385 2595 Ut
1395 2529 1537 2596 ludaeos

203 2634 247 2702 ad
264 2657 343 2702 suas
362 2639 477 2725 partes
489 2637 679 2725 pertrabat,
696 2636 878 2726 profitetur
892 2659 929 2703 se
942 2641 1090 2703 tutorem
1104 2635 1208 2722 legis;
1224 2634 1374 2702 affirmat
1385 2655 1421 2700 se
1436 2656 1536 2722 prae-

203 2742 330 2831 cepisse
353 2740 436 2807 utin
452 2743 594 2828 regione
608 2742 744 2809 iudaica
758 2743 814 2808 lex
831 2746 1038 2809 servaretur.
1054 2747 1093 2808 ln
1108 2763 1193 2830 pace
1203 2740 1264 2808 illa
1277 2763 1356 2808 cum
1370 2740 1536 2808 Bacchide

203 2847 362 2914 conclusa
377 2847 471 2934 (9,70
485 2849 573 2937 seq.)
586 2849 699 2915 tenuis
712 2848 885 2938 quaedam
895 2848 1066 2916 eiusmodi
1076 2847 1255 2938 praecepti
1270 2847 1396 2914 umbra
1406 2846 1537 2914 adverti

203 2959 324 3042 potest.
352 2953 471 3020 ludaei
495 2954 598 3020 etiam
622 2954 660 3020 in
683 2955 833 3022 exercitu
848 2953 1033 3022 Alexandri
1055 2953 1186 3041 magni,
1204 2954 1336 3022 Seleuci
1357 2953 1534 3036 Nicatoris,

203 3059 360 3126 Antiochi
384 3059 505 3146 magni
529 3060 725 3128 militabant
754 3062 811 3150 (el.
841 3063 1012 3152 losephus,
1039 3067 1116 3130 Ant.
1146 3068 1276 3144 11,8,5;
1306 3067 1395 3144 123,
1426 3067 1456 3128 1.
1482 3061 1534 3150 3);

202 3188 285 3252 ergo
306 3166 492 3233 militarem
511 3167 618 3234 vitam
633 3190 713 3234 oum
731 3167 819 3254 legis
834 3168 1073 3235 observatione
1095 3167 1213 3256 aliquo
1229 3167 1332 3234 modo
1347 3168 1536 3235 consociari

201 3293 299 3361 posse
316 3272 544 3339 existimatum
559 3278 624 3352 est;
648 3274 793 3341 sabbato
808 3275 928 3361 utique
942 3279 1014 3340 tum
1031 3272 1139 3340 solum
1161 3273 1378 3361 pugnabant,
1397 3273 1536 3361 quando

202 3379 267 3467 ipsi
287 3379 332 3444 ab
348 3378 505 3447 hostibus
522 3379 834 3468 impugnabantur.
853 3379 890 3445 si
907 3381 1025 3468 itaque
1041 3377 1233 3446 Demetrius
1252 3377 1372 3444 scribit
1389 3399 1396 3444 z
1413 3379 1535 3445 ambu-

203 3483 298 3550 lanto
320 3484 458 3572 legibus
480 3487 561 3567 suis,
587 3507 658 3552 non
682 3507 755 3552 rem
781 3485 1029 3575 impossibilem
1050 3483 1242 3552 enuntiavit
1257 3506 1368 3574 neque
1390 3507 1430 3552 ea
1455 3507 1535 3552 con-

203 3592 305 3658 cessio
325 3592 569 3660 documentum
591 3598 643 3658 est
660 3591 828 3659 maximae
845 3590 1157 3659 inconsiderantiae
1180 3596 1241 3658 aut
1265 3592 1385 3658 anniae
1409 3591 1535 3658 sollici-

202 3697 331 3764 tudinis
353 3698 496 3765 ludaeos
520 3698 618 3764 omni
642 3697 742 3764 modo
760 3697 804 3764 ad
819 3721 857 3765 so
872 3697 1097 3788 pertrahendi
1116 3697 1165 3786 (id
1181 3697 1275 3786 quod
1293 3698 1350 3764 Gr.
1371 3697 1535 3784 colligere

203 3803 302 3891 vult).

247 3914 328 3976 Tres
341 3911 421 3978 illae
439 3912 601 3997 regiones
614 3911 790 3979 Samariae
812 3912 822 4002 (
825 3936 857 3978 v.
881 3911 937 4000 30)
959 3910 1146 3978 attributae
1164 3909 1310 3976 Iudaeae
1325 3909 1373 3976 ita
1392 3908 1424 3975 ei
1441 3909 1536 3976 attri-

203 4014 370 4097 buuntur,
393 4024 430 4083 ut
452 4017 653 4084 immediate
677 4017 811 4084 subsint
834 4040 873 4084 ac
898 4024 1066 4105 regantur
1090 4017 1135 4084 ab
1161 4039 1242 4096 nno,
1264 4016 1337 4083 scil.
1361 4039 1381 4083 a
1404 4038 1537 4082 summo

202 4123 391 4204 sacerdote,
415 4123 475 4212 qui
489 4124 581 4191 solus
602 4129 807 4214 potestatem
830 4125 867 4190 in
884 4147 942 4191 eas
957 4129 1128 4204 exerceat;
1149 4123 1253 4212 plane
1270 4123 1386 4213 itaque
1405 4122 1538 4190 ludaeis

203 4228 362 4314 regiones
377 4229 459 4295 illae
473 4229 704 4297 subiiciuntur
723 4229 851 4298 directe
866 4235 900 4298 et
920 4229 1130 4314 immediate,
1154 4229 1278 4297 neniis
1303 4229 1384 4296 licet
1409 4229 1537 4296 babere

202 4333 443 4420 magistratum
470 4331 663 4426 proprium.
690 4336 902 4404 Ptolemaida
923 4336 1026 4404 simul
1047 4358 1125 4402 cum
1146 4335 1287 4422 regione
1303 4335 1347 4400 ad
1368 4357 1444 4401 eam
1459 4357 1536 4422 per-

203 4440 334 4507 tinente
350 4441 442 4507 dono
461 4441 520 4509 dat
539 4459 602 4521 τεῖς
628 4449 736 4529 ἁγίοις,
761 4431 961 4510 sanctuario
978 4441 1071 4531 quod
1087 4447 1137 4508 est
1158 4441 1194 4507 in
1214 4441 1398 4508 Ierusalem
1414 4442 1450 4506 in
1469 4442 1535 4507 im·
1575 4472 1578 4476 ·

202 4567 323 4634 pensas
345 4569 435 4637 quae
454 4547 651 4614 sanctuario
676 4551 888 4617 necessariae
903 4553 999 4630 sunt;
1018 4571 1080 4637 pro
1095 4547 1222 4614 ,sanctis
1238 4547 1347 4636 quiin
1362 4546 1444 4631 vulg
1457 4546 1534 4634 lege

203 4673 292 4740 quoe
305 4676 337 4718 v.
356 4660 409 4719 39.
428 4659 496 4722 Hoc
514 4655 628 4744 itaque
651 4659 700 4720 est
714 4654 867 4744 primum
884 4655 1013 4723 donum
1035 4677 1099 4744 pro
1115 4654 1246 4744 templo
1261 4651 1309 4720 acl
1330 4653 1535 4722 necessarios

203 4771 358 4849 srrrnptus
370 4773 567 4828 sanctornm
579 4763 600 4826 i.
618 4783 648 4829 e.
666 4761 865 4828 sanctuarii.
885 4761 1037 4828 Alterum
1052 4762 1181 4828 donum
1195 4782 1253 4827 rex
1268 4783 1307 4828 ex
1329 4783 1390 4829 suo
1411 4760 1535 4828 adiun-

1734 4855 1799 4928 ‚aad
