3625 5367
724 328 752 384 t.
777 343 869 386 nucu.
894 326 1054 396 rati-19.
1501 327 1558 388 ²215

221 477 343 544 diebus
367 482 396 542 ὲν
412 491 479 555 ταῖς
503 485 620 572 ἑορταῖς
641 475 933 542 sollemnitatibus
958 474 1114 564 (paseha,
1139 479 1346 564 pentecoste,
1367 477 1489 542 testum
1510 483 1560 541 ta-

218 581 499 670 bernaculorum)
522 581 668 670 aliisque
690 581 813 649 diebus
837 581 1137 662 convenientibus
1156 582 1192 647 in
1217 582 1342 670 quibus
1359 583 1430 650 soil.
1455 582 1560 648 sacri·

219 690 297 756 ficia
312 695 499 777 coetusque
514 689 602 754 sacri
625 688 856 770 celebrantur,
875 688 1041 768 sabbatis,
1061 686 1259 768 noviluniis,
1279 712 1342 778 pro
1363 689 1403 754 iis
1424 711 1561 777 quoquc
1604 723 1607 731 ·

219 818 336 886 preces
358 794 520 883 irrndnnt,
542 815 710 860 memores
733 816 854 861 eorum
875 795 913 860 in
935 795 1112 860 oblatione
1132 794 1379 862 sacrificiorum
1396 802 1429 861 ct
1450 806 1478 862 ὲν
1495 811 1560 874 ταῖς

216 919 412 992 τρεςενχαῐς,
434 901 470 967 in
493 900 811 984 obsecrationibus3
835 901 929 988 vulg.
950 903 987 967 in
1010 901 1310 982 observationibus,
1331 902 1367 967 in
1389 900 1494 968 sacris
1513 904 1561 968 ri·

216 1011 309 1077 tibus
324 1008 423 1098 (Lep.
443 1007 585 1094 Calin.);
610 1029 730 1074 verum
745 1007 933 1094 legendum
950 1008 1016 1075 erit
1037 1010 1073 1074 in
1089 1008 1399 1074 obsecrationibus.
1419 1009 1451 1074 Si
1468 1008 1560 1073 onim

217 1138 281 1206 pro
296 1115 435 1200 regibus
449 1113 639 1200 gentilibus
654 1113 822 1180 sacrificia
838 1120 872 1181 et
887 1135 1006 1203 preces
1022 1114 1177 1180 offerunt
1191 1114 1247 1204 (cs.
1267 1121 1331 1181 ter.
1349 1121 1443 1190 ·29,7.
1463 1113 1560 1180 Esdr.

218 1231 314 1304 o‚10;
339 1222 513 1310 losephuS,
539 1219 620 1288 Bell.
646 1220 719 1288 ind.
746 1228 881 1301 2‚17‚2;
902 1245 932 1288 c.
956 1226 1017 1310 Ap.
1041 1221 1125 1308 QG),
1147 1221 1182 1285 id
1201 1222 1311 1288 multo
1330 1221 1438 1307 inagis
1460 1243 1562 1309 prae-

218 1336 308 1396 stare
324 1329 420 1396 dceet
437 1349 500 1417 pro
517 1327 682 1394 fratribus
694 1328 716 1393 i.
734 1351 763 1394 e.
787 1327 1026 1418 popularibus,
1045 1327 1209 1414 cognatis.
1225 1327 1412 1394 Exhibetur
1427 1329 1563 1394 animus

218 1458 321 1502 verae
336 1433 509 1500 amicitiae
531 1457 562 1500 v.
586 1440 627 1499 12
643 1455 650 1501 :
669 1433 840 1501 laetamur
862 1435 903 1500 de
925 1434 1039 1524 pluria
1066 1434 1253 1518 cestra-de
1268 1455 1436 1524 prospero
1455 1439 1560 1503 statu,

219 1541 313 1608 fama
328 1540 470 1622 celebri,
488 1541 624 1629 opibus,

263 1648 401 1714 Diversa
416 1646 521 1736 plane
538 1652 590 1712 est
606 1646 758 1713 conditio
778 1647 982 1714 ludaeorum
1002 1669 1031 1713 ν.
1053 1654 1112 1726 13;
1131 1669 1232 1734 reges
1248 1647 1410 1736 Aegypti,
1429 1647 1558 1732 Syriae,

219 1754 323 1822 duces
351 1775 483 1833 eorum,
513 1753 617 1819 duces
640 1753 797 1840 gentium
829 1754 1004 1820 variarum
1036 1776 1090 1842 cp.
1125 1761 1160 1832 5;
1192 1754 1236 1818 ci.
1271 1760 1345 1834 1:23
1376 1752 1561 1819 adhibetur

219 1860 349 1950 quippe
374 1868 515 1942 βασιλεύς
539 1881 639 1927 sensu
664 1881 802 1948 quoque
826 1859 948 1926 latiore
972 1858 1082 1948 (apud
1105 1865 1306 1938 Homerum;
1335 1859 1426 1948 apud
1454 1859 1557 1924 ,ithe—

219 1966 353 2034 nienses
364 1989 405 2033 eo
420 1965 562 2032 nomine
581 1966 769 2032 vocabatur
787 1966 916 2032 archon
933 1965 1048 2056 alter).
1067 1965 1198 2042 Quibus
1210 1966 1245 2031 in
1260 1985 1374 2032 rerum
1392 1963 1558 2050 angustiis

220 2074 336 2140 ludaei
359 2079 475 2139 tamen
495 2072 660 2139 auxilium
681 2072 852 2140 sociorum
869 2095 940 2140 non
960 2072 1194 2161 implorarunt
1210 2095 1240 2138 v.
1259 2077 1317 2152 143
1335 2094 1416 2138 nam
1433 2081 1555 2159 ἔχομεν,

218 2180 318 2251 nobis
332 2185 467 2268 praesto
490 2185 540 2246 est
555 2179 696 2245 coelitus
711 2178 889 2254 auxilium,
907 2179 1075 2246 auxilium
1096 2185 1198 2246 alteo
1219 2202 1251 2244 v.
1276 2184 1327 2244 15.
1352 2177 1468 2263 Legati
1493 2183 1556 2244 Ro-

219 2308 311 2354 mam
332 2285 424 2352 missi
450 2291 529 2354 sunt
550 2286 735 2352 Numenius
758 2292 791 2352 et
819 2285 1008 2375 Antipater,
1040 2286 1101 2351 viri
1122 2285 1322 2374 ceteroquin
1349 2283 1474 2370 ignoti,
1499 2305 1557 2350 eos

219 2394 321 2460 tuisse
345 2415 384 2460 ex
407 2391 529 2458 ordine
548 2393 736 2473 senatorio,
760 2415 799 2457 ox
819 2392 970 2480 gerusia,
992 2392 1083 2457 viros
1104 2391 1299 2472 honoratos,
1325 2391 1488 2479 Iosephus
1512 2389 1553 2456 dc
1633 2399 1639 2413 “

218 2521 281 2567 suo
305 2499 417 2580 addit;
446 2502 600 2564 Iasonem
623 2498 771 2566 eunden]
796 2519 878 2579 esse,
897 2498 940 2564 de
963 2520 1031 2586 quo
1055 2503 1148 2579 8,17‚
1167 2496 1290 2564 coniici
1312 2502 1434 2586 potest.
1458 2496 1552 2561 Hisce

218 2605 343 2693 legatis
364 2605 564 2672 mandatum
588 2609 650 2684 est,
666 2610 705 2671 ut
724 2610 832 2672 Roma
853 2603 983 2670 reversi
1003 2603 1141 2670 adirent
1160 2603 1346 2692 Spartiates
1367 2608 1400 2669 ct
1422 2601 1552 2668 litteras

218 2711 397 2780 traderent
410 2735 442 2810 V?
464 2717 517 2791 17,
533 2711 577 2778 ad
592 2733 677 2801 quas
691 2719 727 2777 ut
738 2710 790 2777 ilii
806 2709 1038 2800 respondeant
1053 2716 1194 2801 optatur
1210 2731 1241 2777 v.
1266 2715 1318 2776 18.

450 2940 495 2994 15.
517 2933 675 3012 Eacrrptar
695 2935 827 3012 epistolae
846 2934 888 2994 ad
910 2933 1017 2994 Ouium
1038 2934 1143 2993 rubeae
1165 2937 1317 3008 lala-23.

258 3123 396 3186 tt,19.Et
416 3125 464 3173 boc
486 3131 523 3173 est
545 3125 703 3189 rescriptum
722 3127 825 3189 episto·
914 3123 1016 3192 1219,
1049 3122 1102 3179 Καὶ
1136 3125 1212 3178 τνῦτο
1243 3119 1272 3177 τὸ
1306 3119 1464 3198 ἀντίγραφον
1496 3121 1548 3176 τῶν

221 3213 309 3263 larum
323 3213 392 3275 qaod
409 3214 518 3262 nttserat
534 3212 617 3261 Ouiae
633 3228 640 3261 :
871 3211 1016 3268 ἐπιστολῶν
1031 3199 1067 3266 ὧν
1083 3208 1240 3266 ἀπέστειλαν
1257 3207 1335 3284 Oria.

256 3301 300 3353 20.
314 3302 395 3350 Arius
411 3315 455 3352 rec
469 3302 673 3365 Spartiatarum
687 3302 769 3349 Ouiae
784 3315 825 3348 sa·
912 3299 960 3356 20,
984 3292 1091 3374 Ἀριιος
1119 3293 1241 3373 βασιλεὺς
1271 3297 1447 3373 Σπαρτιατῶν
1470 3293 1548 3369 Ὀνίᾳ

220 3391 319 3441 cerdati
334 3403 431 3453 muana
445 3389 568 3439 satutem.
869 3385 936 3462 ἱερεῖ
949 3385 1056 3463 μεγάλῳ
1073 3383 1187 3464 χαίρειν.

256 3479 299 3529 Ἡ.
326 3473 478 3528 inuentam'
499 3485 536 3526 est
568 3479 598 3527 ia
628 3478 763 3540 scriptura
794 3476 825 3524 de
912 3475 961 3533 21,
988 3472 1545 3552 14ζῦρὲοῃἐνγραρῇπερίτετῶνΣπαρ.

218 3568 369 3633 Sparttatis
400 3575 424 3616 et
455 3567 573 3627 Iudaeis,
603 3567 731 3628 quoniam
762 3573 824 3616 stant
870 3564 967 3619 τιατῶν
981 3562 1027 3620 καὶ
1042 3560 1176 3622 Ἰουδαίων
1189 3560 1229 3620 ὅτι
1245 3559 1310 3618 εἰσὶν
1326 3561 1433 3639 ἀδεὶφοὶ
1448 3561 1492 3617 καὶ
1506 3559 1546 3616 ὅτι

220 3655 320 3721 {ratres
341 3663 365 3705 ct
387 3657 457 3719 quod
477 3663 538 3704 euru
565 3656 595 3703 de
621 3669 715 3718 penore
741 3654 824 3703 Abra·
870 3651 935 3707 εἰσὶν
950 3651 979 3708 ἐκ
994 3649 1082 3728 γένους
1098 3648 1232 3728 Ἀδραάμ.
1249 3651 1298 3707 22).
1319 3647 1371 3707 Καὶ
1392 3653 1435 3705 νῦν
1456 3652 1499 3723 ἀφ’
1517 3638 1546 3706 ab

219 3747 293 3795 ham.
310 3745 353 3795 ‘22
369 3745 402 3794 Et
426 3758 497 3793 arene
519 3758 549 3792 ea
571 3759 621 3806 qao
644 3745 707 3792 baec
731 3757 824 3806 couno·
870 3740 987 3818 ἔγνωμεν
1016 3744 1112 3810 ταῦτα,
1138 3739 1227 3804 καλῶς
1250 3737 1375 3806 ποιήσετε
1403 3737 1547 3816 γράφοντες

218 3836 315 3894 atinus,
340 3832 496 3896 benefacitis
520 3833 663 3882 scribentes
688 3833 764 3881 nobis
794 3833 824 3880 de
870 3832 934 3904 ἡμῖν
947 3829 1007 3907 περὶ
1020 3831 1067 3896 τῆς
1079 3826 1184 3904 εἰρήνης
1197 3829 1282 3901 ὑμῶν.
1296 3828 1346 3885 23.
1364 3825 1417 3884 Καὶ
1429 3825 1506 3900 ἡμεῖς
1520 3825 1548 3882 δὲ

216 3936 283 3996 paee
302 3929 400 3972 cestra.
425 3921 469 3971 23.
490 3923 541 3970 Sed
563 3929 587 3970 ct
611 3935 659 3970 aas
682 3923 823 3985 rescripsi·
870 3918 1064 3997 ἀντιγρᾶρομεν
1092 3921 1165 3990 ὑμῖν,
1189 3917 1221 3973 τὰ
1245 3914 1328 3986 κτήνη
1356 3917 1428 3990 ὑμῶν
1457 3913 1502 3972 καὶ
1531 3917 1547 3984 ἡ

217 4025 276 4060 mua
297 4012 369 4084 cobis
386 4025 394 4058 .·
409 4024 506 4074 pecora
529 4018 622 4059 nostra
641 4018 664 4058 et
679 4012 823 4074 possessio·
869 4004 978 4085 ὕπαρξις
1000 4009 1073 4081 ὑμῶν
1096 4005 1162 4081 ἡμῖν
1181 4003 1240 4063 tert
1266 4003 1310 4062 καὶ
1333 4003 1365 4062 τὰ
1386 4005 1463 4080 ἡμῶν
1485 4006 1547 4078 ὑμῖν

216 4113 263 4148 aes
293 4106 402 4148 uestrae
432 4106 536 4148 vestrae
567 4106 640 4158 sunt,
667 4106 690 4148 et
722 4107 823 4148 restrae
869 4085 1549 4172 ἐστίν-ἐντελλόμεθαοὖνὅτωςάπαγγείλωσινῦμῖν

217 4196 338 4243 nostroe:
363 4189 550 4238 mandarimus
566 4189 657 4249 itaque
673 4189 735 4236 baec
756 4203 823 4236 artn-
869 4183 1047 4246 nectentem.

217 4276 287 4326 ciart
303 4277 386 4326 cobis.

263 4414 423 4483 Traditur
437 4415 553 4503 itaque
569 4414 762 4502 exemplum
778 4413 988 4504 descriptum
1003 4414 1164 4503 epistolae
1181 4434 1284 4502 quam
1303 4412 1395 4477 misit
1410 4411 1458 4496 (St
1475 4411 1546 4477 soit.

219 4521 329 4601 AriuS,
352 4526 528 4590 ἀπέστειλαν
547 4523 593 4608 (a,
615 4525 653 4602 A,
676 4526 731 4586 23.
750 4527 792 4586 62
815 4521 881 4602 al.;
905 4543 920 4586 s
940 4541 1029 4609 quae
1044 4520 1147 4585 missa
1167 4521 1228 4608 est)
1247 4519 1426 4598 miserunt,
1445 4523 1548 4606 Spar-

218 4626 339 4709 tiatae;
361 4633 381 4692 S
406 4628 504 4694 effert
528 4627 708 4694 tectionem
733 4629 881 4714 Ονιαρης,
907 4627 991 4692 dum
1012 4649 1027 4691 s
1052 4625 1207 4692 hocloco
1229 4646 1335 4713 prope
1357 4625 1400 4690 ad
1423 4645 1549 4690 nomen

218 4737 328 4820 Αρειες
351 4735 493 4801 aceedit.
513 4733 620 4801 Etiam
645 4757 684 4799 ex
709 4740 728 4798 2
752 4733 856 4800 ttach.
880 4739 936 4813 5‚u
957 4739 1051 4822 patet
1074 4755 1114 4798 oo
1135 4738 1290 4822 tempore
1311 4731 1551 4820 pervulgatam
