3625 5367
764 328 794 386 1.
817 341 909 386 Maca.
935 326 1093 396 laid-49.
1512 325 1568 383 Μ’]

280 475 487 542 Describitur
503 474 574 542 iam
586 474 682 565 quali
698 479 867 564 potestate
880 474 1058 563 praeditus
1072 474 1114 540 sit
1129 497 1160 543 v.
1176 479 1233 557 '⁴³23
1250 495 1392 542 munere
1407 473 1567 560 fungitur

237 581 392 672 triplici:
414 586 463 648 est
481 583 645 671 princeps
666 581 858 670 (ἡγούμενος,
882 587 1112 670 εθιιιὲθνάρχης
1132 605 1164 648 v.
1188 589 1246 662 t7;
1270 580 1375 670 15‚1),
1393 579 1461 647 dux
1481 610 1570 668 στρα-

236 696 327 776 τηγὲς
352 689 420 756 dux
445 687 615 770 militariS,
637 709 790 754 summus
817 688 988 755 sacerdos.
1011 691 1101 764 Quae
1130 689 1162 754 ei
1186 687 1400 767 incumbant,
1422 709 1569 754 enume-

238 806 358 863 rantur
375 795 554 875 sententiis
568 800 664 878 ὅπως,
680 804 738 878 ut‚·
754 799 788 860 et
803 796 914 884 primo
937 793 968 860 ei
987 794 1216 860 demandatur
1240 816 1324 886 curo
1341 815 1404 883 pro
1422 792 1562 874 sanctis,

238 923 301 991 pro
322 901 450 990 templo
470 906 503 967 et
522 900 627 982 cultu,
644 901 718 968 scil.
734 905 903 969 καθιστάναι
919 903 953 968 δι’
970 906 1057 969 αὐτοῦ
1077 923 1139 989 per
1162 923 1241 967 eum
1261 898 1467 985 designandi
1486 907 1567 966 suut

237 1007 296 1098 qui
320 1029 359 1073 ex
383 1007 618 1075 sacerdotibus
644 1013 677 1073 et
700 1006 813 1073 levitis
837 1006 974 1092 singula
997 1029 1084 1096 quae
1112 1006 1155 1072 ad
1182 1006 1349 1095 templum
1370 1011 1404 1072 et
1428 1005 1559 1072 cultum

234 1118 389 1203 spectant
403 1115 426 1180 i.
440 1137 470 1182 e.
486 1136 589 1203 opera
606 1135 721 1180 eorum
737 1112 988 1194 administrent,
1003 1117 1335 1202 regant,peragant;
1351 1112 1433 1178 item
1449 1119 1496 1180 ἐπὶ
1510 1131 1563 1195 τῆς
1596 1155 1600 1163 ·

235 1224 349 1310 χώρας,
366 1220 439 1287 eius
453 1227 504 1286 est
515 1219 694 1287 instituere
709 1225 743 1286 et
757 1221 935 1287 nominare
952 1220 1171 1306 magistratus
1184 1241 1244 1309 pro
1264 1218 1561 1286 administratione

234 1327 397 1413 regionis
411 1326 592 1413 designare
605 1349 663 1393 eos
673 1327 733 1416 qui
742 1348 860 1394 euram
871 1321 1024 1394 habeant
1036 1347 1225 1407 armorum,
1237 1332 1421 1415 apparatus
1432 1325 1560 1402 bellici,

235 1433 478 1501 munitionum.
496 1439 584 1501 llaec
599 1433 671 1500 scil.
689 1433 735 1500 ad
753 1455 830 1500 eum
852 1437 1028 1522 tamquam
1049 1443 1214 1520 ἡγούμενον
1234 1439 1282 1501 καὶ
1302 1438 1466 1520 στρατηγόν
1483 1452 1564 1521 per-

234 1540 355 1606 tinent.
378 1539 459 1606 llira
475 1544 524 1607 est
541 1539 605 1607 illa
627 1541 784 1629 repetitio
801 1561 834 1606 r.
855 1546 896 1607 t3
918 1561 999 1605 curu
1020 1538 1061 1605 cle
1080 1539 1217 1620 sanctis,
1234 1544 1266 1606 et
1284 1547 1559 1627 supervacanea;

234 1665 315 1713 nam
330 1667 390 1712 suo
406 1646 483 1713 loco
502 1648 616 1736 primo
636 1646 721 1713 baec
739 1667 823 1713 cura
840 1647 1032 1735 imponitur
1046 1668 1079 1711 v.
1095 1651 1148 1713 t·2.
1168 1645 1432 1730 subiunguntur
1449 1643 1563 1710 officia

233 1751 478 1820 subditorum:
500 1764 537 1818 ut
563 1752 730 1819 audiatur
753 1755 794 1818 ab
820 1750 977 1818 omnibus
992 1752 1014 1818 i.
1034 1774 1063 1819 e.
1082 1773 1199 1819 omnes
1221 1751 1253 1819 ei
1283 1751 1466 1832 obediant3
1490 1749 1563 1817 eius

233 1881 373 1948 quoque
388 1860 527 1926 nomine
552 1864 586 1926 et
602 1858 803 1926 auctoritate
823 1859 1018 1926 scribantur
1039 1859 1149 1926 edicta
1169 1866 1203 1925 et
1224 1857 1362 1924 decreta
1383 1857 1565 1942 magistra-

235 1971 329 2032 tuum
355 1987 419 2055 per
445 1965 639 2053 regionem;
667 1971 705 2033 ut
730 1954 803 2032 eius
826 1964 1011 2032 auctoritas
1036 1970 1069 2031 et
1095 1965 1247 2051 dignitas
1263 1961 1436 2045 omnibus
1463 1962 1562 2028 exhi·
1590 1955 1592 1960 ’

233 2072 371 2154 beatur,
393 2072 464 2161 ipse
488 2072 652 2139 vestiatur
677 2094 833 2162 purpura
853 2072 910 2161 (cl.
934 2071 1047 2161 1030)
1071 2079 1120 2140 καὶ
1138 2088 1307 2160 χρυσοφιρῇ
1329 2075 1363 2137 et
1387 2073 1484 2156 gerat
1507 2091 1562 2135 or·
1592 2095 1595 2100 ·

232 2183 352 2246 natum
381 2200 524 2250 aureum
547 2179 571 2244 i.
596 2200 626 2246 e.
649 2185 747 2264 gerat
771 2179 914 2245 fibulam
934 2200 1075 2246 auream
1100 2178 1157 2268 (cf.
1186 2177 1312 2267 10‚89),
1338 2178 1387 2242 uti
1409 2176 1445 2241 in
1466 2198 1497 2241 v.
1519 2179 1560 2241 tt

233 2284 567 2375 quoqueindicatur.
585 2285 790 2352 Prohibetur
804 2306 836 2350 v.
856 2290 896 2351 tt
911 2307 954 2351 ne
970 2285 1046 2375 quis
1059 2289 1241 2374 praecepta
1253 2285 1325 2351 eius
1339 2289 1373 2350 et
1389 2281 1556 2348 iussiones

232 2391 387 2478 negligat
406 2413 490 2458 neve
505 2391 548 2456 iis
566 2390 779 2458 contradicat
793 2396 852 2457 ant
868 2390 1087 2480 obloquatur,
1107 2413 1191 2456 neve
1210 2391 1283 2457 sine
1301 2389 1375 2456 eius
1390 2409 1559 2455 consensu
1648 2388 1653 2397 '

231 2502 393 2564 convocet
407 2502 612 2565 conventum
630 2497 751 2587 populi
770 2519 855 2564 neve
874 2496 1068 2583 insignibus
1090 2501 1206 2563 utatur
1221 2495 1397 2563 nobilibus
1415 2495 1439 2561 i.
1456 2517 1488 2560 e.
1510 2515 1555 2559 ne

232 2610 348 2672 utatur
367 2601 521 2694 purpura
546 2625 608 2670 nec
633 2603 742 2672 fibula
769 2625 886 2670 aurea.
915 2602 1107 2693 Apponitur
1132 2603 1170 2668 iu
1189 2625 1221 2668 v.
1242 2607 1282 2668 115
1303 2601 1431 2668 sanctio
1451 2621 1557 2689 quae·

231 2711 312 2777 dam
333 2733 341 2775 ε
359 2731 490 2799 poenae
509 2709 700 2778 subiacebit
716 2709 778 2799 qui
794 2713 913 2776 contra
931 2709 1040 2796 egerit
1054 2715 1114 2776 aut
1133 2707 1320 2798 quidquam
1341 2708 1466 2774 horum
1482 2704 1556 2772 vili·
1611 2749 1616 2757 -

229 2815 400 2905 penderit.
993 2830 1000 2836 ·
1580 2829 1581 2834 ’

274 2922 420 2990 Additur
440 2923 654 2990 confirmatio
678 2924 818 3003 horum,
843 2929 882 2990 nt
906 2923 1083 2990 decretum
1106 2921 1286 3013 publicum
1310 2919 1470 2988 omnibus
1494 2941 1556 3008 pro

230 3039 384 3119 tempore
400 3051 539 3118 quoque
554 3029 669 3097 futuro
691 3036 804 3112 ratum
822 3051 861 3096 ae
880 3029 1019 3096 firmum
1040 3031 1209 3097 habeatur
1221 3052 1253 3097 v.
1273 3033 1313 3094 ec
1330 3047 1337 3095 :
1355 3032 1387 3095 et
1402 3026 1553 3116 compla-

229 3135 301 3203 cuit
319 3136 415 3202 omni
434 3137 562 3226 populo
587 3147 686 3206 θέσθαι
709 3139 824 3220 Σίμωνι
846 3155 963 3221 ποιῆσαι
985 3136 1047 3226 (ita
1071 3153 1104 3218 a,
1127 3136 1178 3217 m,
1205 3141 1305 3203 uasa
1330 3135 1376 3223 al)
1399 3140 1549 3200 statuere

228 3242 266 3310 in
284 3242 433 3330 gratiam
448 3243 606 3324 Simonis,
624 3249 662 3310 ut
679 3243 866 3310 secundum
885 3244 986 3308 cerba
1002 3242 1068 3308 istc
1090 3242 1191 3307 iaciat
1211 3241 1236 3306 i.
1254 3263 1284 3306 e.
1306 3241 1492 3306 secundum
1516 3261 1556 3321 oa

230 3371 317 3439 quae
338 3349 431 3417 hisce
451 3351 642 3439 conscripta
656 3335 747 3415 sunt}
767 3355 908 3415 Demum
926 3347 1064 3415 additur
1080 3370 1110 3410 v.
1131 3351 1170 3411 t'l
1188 3345 1362 3412 Simonem
1381 3344 1553 3432 triplicem

229 3455 325 3522 illam
348 3455 551 3543 dignitatem
579 3455 772 3544 triplexque
798 3475 925 3521 munus
952 3453 1046 3520 inse
1071 3452 1268 3542 suscepisse·
1293 3455 1474 3540 Hucusque
1496 3449 1550 3514 in-

228 3562 380 3652 scriptio.
458 3560 462 3565 ’

274 3673 394 3737 Narrat
413 3692 439 3736 s.
467 3674 583 3736 auctor
602 3691 633 3735 v.
657 3674 698 3735 l8
722 3690 799 3735 eam
820 3667 1078 3758 inscriptionem
1098 3667 1133 3732 in
1156 3665 1281 3733 tabulis
1301 3664 1409 3731 aereis
1434 3684 1551 3730 exara-

229 3780 299 3843 tam
314 3777 462 3866 positam
481 3797 551 3842 esse
571 3775 609 3842 in
628 3775 784 3866 peribolo
804 3786 861 3843 τῶν
881 3781 972 3862 ἁγίων
987 3775 1024 3840 in
1045 3773 1190 3854 ambitu,
1209 3773 1245 3837 in
1268 3772 1389 3837 muro?
1403 3771 1439 3836 in
1464 3769 1551 3835 atrio

228 3882 363 3972 templi,
384 3883 421 3950 in
441 3883 517 3949 loco
541 3882 700 3948 omnibus
723 3883 905 3971 conspicuo
931 3889 1076 3968 ἐπισήμῳ.
1095 3879 1293 3968 Exemplum
1313 3882 1425 3943 autem
1447 3880 1555 3941 trans·

230 3994 406 4079 sumptum
421 3994 631 4056 asservatum
646 3994 697 4056 est
712 4010 773 4079 pro
790 3988 927 4055 Simone
943 3989 1082 4077 eiusque
1099 3985 1242 4077 posteris
1256 3983 1291 4050 in
1307 3981 1556 4073 gazophylacio

227 4117 288 4163 seu
302 4094 437 4164 aerario
453 4095 575 4185 templi
591 4119 622 4162 v.
642 4101 696 4163 t9.
1574 4079 1584 4098 ‘

272 4207 309 4268 ln
336 4202 556 4270 enarratione
581 4202 784 4268 meritorum
811 4200 956 4268 Simonis
985 4201 1090 4268 series
1113 4201 1278 4290 temporis
1300 4221 1370 4266 non
1394 4203 1551 4264 accurate

227 4314 393 4378 servatur.
411 4313 528 4397 Neque
550 4330 635 4398 opus
652 4313 724 4375 erat
744 4307 901 4374 ordinem
920 4309 1017 4397 sequi
1039 4308 1217 4397 temporis;
1236 4327 1316 4372 nam
1334 4305 1456 4372 merita
1478 4301 1549 4366 eius

229 4421 485 4506 proponuntur,
509 4420 547 4481 ut
572 4419 687 4505 pateat
711 4437 772 4481 cur
796 4414 829 4482 ei
852 4415 1000 4481 honores
1023 4413 1140 4480 collati
1162 4412 1241 4477 sint.
1267 4412 1317 4477 ad
1342 4411 1407 4476 hoc
1433 4413 1557 4490 autem

229 4522 371 4590 minime
390 4542 525 4592 necesse
547 4524 620 4588 erat
633 4520 695 4586 illa
716 4544 757 4588 ex
773 4521 937 4611 temporis
957 4519 1091 4586 ratione
1111 4538 1325 4585 enumerare.
1344 4521 1382 4583 ln
1402 4515 1451 4583 eis
1469 4536 1549 4580 nar-

228 4630 347 4697 randis
376 4631 496 4718 utique
523 4649 618 4695 sacer
645 4631 774 4707 auctor,
809 4631 847 4694 ut
876 4650 991 4695 rerum
1019 4625 1177 4714 scriptor,
1202 4623 1358 4690 ordinem
1389 4621 1554 4711 temporis

227 4735 438 4816 observavit;
456 4737 493 4802 in
512 4734 735 4824 inscriptione
757 4733 819 4800 iste
839 4733 923 4800 ordo
943 4756 1013 4800 non
1033 4737 1202 4811 servatur,
1219 4731 1256 4796 id
1276 4729 1369 4821 quod
1390 4749 1549 4817 compro·
