3625 5367
272 374 312 435 58
789 372 816 431 l.
840 386 930 433 mun.
953 370 1093 442 hit-tt.
1151 360 1173 381 ”

316 522 367 589 Ad
389 521 488 609 regni
507 520 704 588 firmitatem
725 543 764 588 ac
784 520 1047 611 prosperitatem
1067 519 1217 587 multum
1234 517 1349 586 valent
1370 522 1404 586 et
1426 517 1608 585 conferunt

272 652 384 697 mores
401 628 509 696 iidem
523 634 626 717 atque
649 627 805 695 instituta
827 627 954 718 quibus
974 628 1131 694 nationes
1151 625 1310 712 singulae
1331 629 1498 711 regentur
1517 624 1607 691 etin

272 758 379 803 unum
405 735 503 823 quasi
527 734 628 821 regni
651 754 777 824 eorpus
803 733 1007 802 coalescant.
1028 733 1066 821 ld
1090 730 1283 799 Alexandro
1305 736 1426 818 llagno
1448 728 1549 799 tuisse
1567 730 1606 798 in

272 842 423 911 consiliis
437 843 589 909 fatentur
608 862 737 922 omnes,
753 860 831 907 oum
847 840 953 908 variis
971 840 1041 907 illis
1057 838 1241 926 regionum
1260 837 1481 905 orientalium
1496 836 1606 925 genti-

271 949 336 1016 bus
351 970 492 1035 graecos
508 969 631 1030 mores,
651 948 783 1014 litteras
804 968 958 1034 graecas,
975 948 1107 1015 cultum
1125 950 1159 1013 et
1173 945 1425 1012 humanitatem
1445 965 1607 1031 graecam

271 1054 407 1123 tradere
432 1040 547 1121 vellet.
571 1053 667 1121 Haud
687 1052 844 1122 absimile
860 1075 926 1144 pro
948 1075 1010 1120 suo
1031 1075 1139 1141 regno
1162 1051 1300 1119 efficere
1321 1051 1469 1118 voluisse
1490 1049 1608 1118 Antio·

272 1161 357 1229 chus
373 1160 473 1228 nobis
493 1159 674 1228 exhibetur
693 1161 831 1228 decreto
851 1160 911 1227 illo
931 1159 974 1226 de
990 1181 1058 1249 quo
1075 1164 1165 1240 lna.
1184 1165 1226 1227 53
1240 1164 1274 1225 et
1295 1164 1376 1238 nlo
1399 1159 1531 1224 mentio
1550 1157 1606 1223 in-

272 1267 392 1335 fertur.
414 1273 484 1346 Quo
497 1267 636 1335 decreto
654 1268 773 1334 statuit
787 1289 851 1357 pro
865 1267 957 1335 omni
972 1287 1081 1352 regno
1095 1288 1157 1333 suo
1170 1268 1247 1334 εἶναι
1265 1269 1378 1345 πάντας
1391 1268 1434 1345 εἱς
1448 1273 1522 1331 λαὸν
1540 1270 1603 1343 ἕνα,

272 1380 310 1441 ut
331 1396 451 1468 omnes
472 1379 583 1440 essent
601 1395 689 1441 unus
710 1372 859 1463 populus
880 1374 926 1463 (S,
950 1393 982 1452 s;
1009 1376 1051 1454 εἰς
1078 1377 1104 1438 Α
1124 1373 1243 1462 plures
1272 1372 1416 1438 minuse.
1443 1371 1537 1459 Fr.);
1562 1369 1605 1437 ad

273 1501 377 1571 quam
402 1480 568 1547 unitatem
593 1479 811 1546 efficiendam
832 1480 978 1547 maxime
1002 1479 1133 1547 content
1156 1478 1269 1545 unitas
1289 1476 1547 1545 institutionum
1567 1498 1607 1544 ac

272 1586 386 1653 cultus
409 1585 577 1673 religiosi.
600 1584 787 1655 Antiochus
814 1607 874 1653 rex
900 1614 917 1647 (ν
940 1584 977 1652 in
1004 1582 1180 1653 sacrificiis
1206 1589 1309 1674 atque
1338 1582 1492 1651 donariis
1513 1588 1547 1649 et
1570 1583 1606 1649 in

272 1694 415 1773 deorum
429 1690 522 1760 cultu
541 1692 734 1782 omnesqui
752 1691 949 1783 (antaeum)
967 1696 1159 1778 regnarunt
1174 1690 1350 1781 superavit
1366 1717 1382 1752 ν
1399 1688 1531 1780 (Polyb.
1548 1695 1603 1771 26,

273 1806 325 1866 10.
347 1798 401 1887 11)
422 1804 456 1866 et
474 1799 586 1866 Livius
600 1799 643 1865 de
664 1820 704 1866 eo
724 1798 844 1867 scribit
861 1821 870 1865 ε
885 1798 923 1866 in
938 1797 1072 1866 duabus
1091 1803 1209 1865 tamen
1227 1796 1362 1883 magnis
1382 1795 1605 1885 honestisque

272 1904 375 1971 rebus
388 1925 466 1971 vere
482 1906 598 1992 regius
613 1909 687 1972 erat
703 1905 838 1972 animus
856 1904 894 1971 in
907 1904 1049 1971 urbium
1066 1904 1166 1971 donis
1184 1908 1218 1969 et
1236 1903 1381 1969 deorum
1400 1903 1513 1985 eultn;
1531 1923 1607 1968 ma-

273 2010 494 2098 gnificentiae
510 2010 549 2076 in
562 2010 646 2078 deos
660 2010 717 2077 vel
735 2008 822 2078 lovis
838 2010 988 2100 Olympii
1007 2011 1177 2101 templum
1192 2009 1334 2076 Athenis
1352 2008 1445 2083 testis
1461 2014 1522 2089 est,
1538 2012 1606 2074 An-

272 2115 420 2183 tiochiae
440 2118 528 2183 lovis
549 2116 735 2207 Capitolini
755 2114 926 2206 templum
949 2116 1171 2202 magnifieum
1193 2114 1335 2205 (bijo).
1354 2113 1517 2182 Gentibus
1533 2113 1606 2181 ido·

273 2222 407 2290 lolatris
423 2222 521 2290 nulla
536 2228 609 2291 erat
625 2222 810 2291 difficultas
830 2222 936 2290 etiam
952 2222 1081 2290 cultum
1105 2222 1189 2290 lovis
1204 2242 1391 2303 assumere3
1409 2220 1502 2289 unde
1515 2243 1547 2287 v.
1563 2225 1604 2287 tt

275 2342 309 2396 et
336 2342 576 2397 consenserent
606 2334 777 2413 ἐπεδέξατο,
808 2330 867 2395 lat.
894 2333 1109 2418 receperunt,
1139 2350 1255 2395 omnes
1281 2340 1398 2417 pentes
1417 2324 1605 2394 secundnm

274 2437 412 2503 verbnm
434 2434 537 2526 rapio,
554 2440 587 2503 S.
605 2441 669 2503 set
688 2441 894 2525 acceperunt
915 2457 1034 2502 omnes
1055 2440 1174 2521 gentes
1192 2440 1230 2500 ut
1250 2433 1401 2503 iacerent
1421 2432 1508 2501 sieut
1528 2454 1606 2499 ver·

189 2546 191 2551 '
274 2541 359 2609 bum
380 2542 572 2628 regis.1mo
593 2563 633 2608 ex
648 2542 782 2609 ludaeis
801 2564 949 2632 quoque.
962 2563 995 2609 v.
1016 2546 1058 2608 t5
1079 2539 1497 2621 consenseruntservituti
1518 2538 1603 2620 eins,

274 2667 309 2738 τῇ
329 2657 453 2741 torpete
473 2655 560 2718 atreo
584 2648 828 2725 cultuidivino
852 2670 957 2738 quem
980 2649 1052 2737 ipsc
1077 2671 1135 2715 rex
1156 2647 1399 2738 profitebatur3
1423 2645 1529 2736 idque
1548 2644 1607 2711 de-

274 2755 511 2821 monstrabant
529 2778 568 2822 eo
581 2755 673 2843 quod
690 2755 969 2843 sacrificaverunt
985 2753 1088 2821 idolis
1107 2767 1141 2821 et
1158 2753 1467 2844 coinquinaverunt
1486 2754 1605 2820 sabba-

273 2872 358 2942 nnn,
376 2859 468 2926 hisce
483 2860 630 2943 duobuS,
647 2859 845 2928 idololatria
857 2864 890 2926 et
902 2860 1142 2949 profanatione
1157 2860 1227 2927 diei
1244 2859 1387 2927 Domino
1402 2858 1601 2938 consecrati,

271 2987 375 3056 quam
392 2965 540 3032 maxime
553 2965 739 3033 efficaciter
753 2965 962 3057 apostasiam
982 2965 1205 3035 declarantes.
1225 2970 1310 3033 Sunt
1326 2966 1400 3033 scil.
1421 2966 1447 3033 ii
1466 2963 1509 3032 de
1526 2965 1604 3055 qui·

269 3071 335 3139 bus
348 3071 417 3138 iam
435 3094 466 3138 v.
486 3078 539 3139 15.
560 3078 612 3140 16.
631 3077 745 3140 aetum
760 3077 824 3140 est.

315 3176 530 3267 comiteque
550 3178 654 3245 multi
675 3201 717 3246 ea
732 3178 841 3246 lsrael
859 3178 946 3246 adeo
962 3184 1121 3269 prompte
1137 3178 1213 3266 regi
1228 3176 1512 3260 obsecundarent,
1528 3176 1603 3266 ipse

269 3282 361 3351 facili
382 3285 521 3371 negotio
543 3284 749 3353 existimavit
768 3308 803 3353 se
823 3307 922 3376 posse
938 3291 1048 3353 totum
1065 3286 1231 3376 populum
1250 3286 1286 3351 in
1306 3306 1384 3353 suas
1402 3282 1604 3374 pertrahere

270 3397 400 3480 pertes;
419 3414 526 3480 quare
542 3415 574 3459 v.
591 3396 632 3458 t6
649 3392 741 3459 misit
759 3416 820 3460 ren
842 3392 957 3474 libros,
977 3399 1086 3475 βώλία,
1108 3392 1160 3459 uti
1174 3407 1235 3458 nnn
1252 3390 1423 3482 epistolas,
1443 3389 1605 3456 mandata

271 3519 361 3587 quae
380 3498 508 3586 scripto
530 3497 657 3566 dantur
682 3500 715 3589 (S
735 3498 862 3565 omittit
881 3520 1013 3580 vocem,
1034 3521 1050 3566 s
1075 3497 1167 3565 misit
1186 3497 1361 3588 epistolas)
1382 3517 1443 3587 per
1464 3494 1604 3563 nuntios

270 3603 307 3669 in
322 3602 507 3671 ierusalem
520 3616 553 3671 et
567 3604 605 3671 in
618 3627 734 3672 omnes
749 3606 902 3673 ciuitates
918 3604 1018 3687 Inda,
1035 3614 1227 3693 πορευθῆναι,
1241 3603 1291 3673 uti
1308 3604 1395 3671 hebr
1410 3593 1473 3693 *bn
1492 3602 1601 3693 (vulg.

270 3709 463 3801 ambulare)
484 3711 508 3778 i.
526 3735 556 3779 e.
575 3717 614 3780 ut
629 3712 872 3793 adhaererent,
889 3712 979 3779 vitae
995 3712 1163 3779 rationem
1178 3712 1395 3778 instituerent
1415 3710 1604 3777 secundum

271 3839 382 3885 mores
408 3839 447 3884 ao
473 3817 737 3886 eonsuetudines
757 3819 1033 3915 alienigenarum
1056 3822 1223 3906 ἀλλοτρίων
1251 3817 1311 3906 qui
1332 3839 1403 3885 una
1421 3838 1500 3883 cum
1522 3815 1605 3905 ipsis

270 3924 448 4011 regionem
463 3924 672 3991 incolebant.
690 3930 761 3991 lam
778 3925 916 4013 singula
935 3929 1183 3992 enumerantur
1203 3946 1292 4013 quae
1310 3924 1365 3990 isti
1380 3924 1474 4010 regis
1489 3920 1603 3990 nuntii

270 4034 445 4119 praestare
461 4029 645 4113 debebant,
663 4033 736 4099 soil.
759 4037 800 4099 tl
821 4033 1019 4122 prohibere,
1036 4042 1168 4099 κωλῦσαι
1185 4030 1356 4121 impedire
1374 4035 1408 4097 et
1427 4049 1603 4097 removere

271 4145 306 4203 ἐν
319 4153 369 4203 τοῦ
394 4142 576 4221 &antepone
596 4161 635 4203 ex
654 4140 784 4228 templo
805 4140 1018 4220 holocausta,
1032 4136 1256 4220 oblationem,
1273 4136 1494 4220 libationem3
1519 4134 1600 4201 dein

271 4264 303 4308 v.
323 4247 364 4309 b8
384 4250 552 4326 βεὸηλῶσαι
563 4245 747 4334 profanare
763 4246 907 4313 sabbata
921 4249 955 4311 et
970 4243 1043 4310 dies
1059 4244 1164 4310 festos
1178 4243 1202 4309 i.
1220 4266 1251 4309 e.
1266 4244 1408 4310 ludaeos
1424 4264 1548 4328 cogere
1563 4246 1603 4310 ut

271 4349 333 4415 hos
359 4348 431 4416 dies
454 4351 523 4417 iam
548 4371 617 4417 non
640 4359 677 4419 ut
700 4375 813 4420 saeros
835 4351 1017 4430 haberent,
1035 4350 1095 4416 sed
1118 4350 1315 4416 communia
1341 4351 1378 4415 in
1399 4348 1442 4415 iis
1462 4348 1603 4435 negotia

270 4462 495 4546 peragerent3
517 4460 599 4525 item
615 4482 647 4528 v.
666 4467 707 4527 t9
725 4468 823 4545 μιᾶναι
837 4466 968 4545 ἁγίασμα
985 4457 1231 4537 sanctuarium,
1248 4455 1413 4545 templum
1431 4453 1600 4544 polluere,

270 4570 318 4631 καὶ
338 4572 439 4651 ἁγίους
460 4564 548 4632 bene
568 4567 662 4652 vulg.
685 4578 843 4632 sanctum
855 4563 1023 4655 populum
1041 4562 1159 4643 lsrael,
1182 4585 1239 4628 eos
1260 4562 1332 4629 scil.
1349 4582 1470 4647 eogere
1490 4566 1528 4627 ut
1545 4582 1604 4627 ne·

268 4670 389 4754 glectis
407 4672 599 4761 praeceptis
614 4672 655 4737 de
674 4672 775 4739 rebus
791 4669 979 4737 immundis
993 4690 1064 4736 sese
1076 4691 1193 4737 coram
1209 4673 1275 4735 Deo
1293 4668 1517 4749 macularent,
1534 4688 1604 4758 qua

267 4774 486 4844 immunditie
511 4776 707 4845 desinerent
730 4798 801 4844 esse
824 4775 976 4865 populus
993 4781 1129 4843 sanctus
1152 4776 1210 4841 Dei
1234 4772 1348 4861 (aliter
1371 4778 1421 4841 Ss
1444 4779 1605 4842 sanctua-

1806 4619 1807 4630 r

1806 4673 1807 4682 ν

1806 4789 1808 4802 t

1804 4827 1808 4846 Ι
