3625 5367
635 372 754 430 338
1595 356 1603 365 ’
1654 370 1712 424 2.
1761 382 1945 427 Maca.
1993 368 2272 438 5,·’24-26.

635 520 1064 588 affectionem
1106 518 1176 584 in
1206 519 1386 584 cives
1416 516 1728 595 ludanS,
1765 516 1913 582 scil.
1957 517 2075 606 qui
2107 538 2265 582 vere
2307 520 2504 582 erant
2531 516 2760 582 Iudaei
2796 540 2920 580 nec
2960 516 3297 580 civitatem

636 627 1134 693 Antiochenam
1185 623 1546 713 acquirere
1599 624 1990 689 voluerant.
2037 622 2228 701 Quod
2274 643 2434 688 vero
2484 622 2784 689 habetur
2824 628 3131 709 ἀπεχθῆ
3104 651 3166 690 οε
3141 632 3301 702 (δὲ

638 734 919 800 omnino
951 753 1093 798 esse
1124 730 1522 812 delendum,
1563 731 1679 796 Gr.
1717 731 2001 818 censet),
2042 729 2306 818 explica
2341 750 2423 795 eo
2457 728 2721 817 quode*
2707 728 2965 796 setiam
2993 727 3298 817 ponitur,

637 839 693 905 si
745 840 809 905 ei.
854 837 1121 905 notioni
1170 859 1348 925 quae
1400 836 1541 902 iam
1589 836 1973 923 significata
2027 843 2149 917 est,
2202 834 2442 901 similis
2497 835 2689 901 notio
2750 835 3048 923 quodam
3103 835 3302 900 modo

634 945 1028 1035 opponitur,
1071 943 1177 1011 vel
1230 944 1434 1011 etiam
1495 944 1895 1032 simpliciter
1943 949 2115 1020 tum,
2151 963 2306 1009 cum
2352 932 2658 1008 eiusdem
2705 941 2804 1007 rei
2850 949 2965 1008 aut
3013 941 3306 1007 notionis

633 1053 951 1141 repetitio
1004 1050 1298 1117 habet-ur
1352 1050 1464 1138 (cf.
1520 1049 1738 1128 Klotz,
1792 1054 2033 1116 Devar.
2084 1054 2136 1115 ll
2187 1073 2256 1138 p.
2314 1047 2497 1134 361).
2549 1047 2678 1114 Sed
2726 1047 3104 1115 secundum
3159 1053 3201 1112 S
3248 1054 3302 1112 et

632 1158 822 1244 vulg.
877 1158 1089 1224 verba
1157 1156 1275 1222 illa
1330 1157 1729 1222 referuntur
1790 1156 1881 1222 ad
1941 1153 2457 1245 subsequentia,
2521 1154 2662 1220 scil.
2720 1155 2806 1221 ad
2867 1153 3298 1221 Antiochum.

634 1264 992 1353 Philippus
1030 1269 1095 1329 et
1125 1263 1557 1329 Andronicus
1592 1265 1756 1351 (non
1802 1261 1919 1328 ille
1958 1263 2173 1350 438),
2218 1258 2373 1328 cum
2415 1260 2638 1327 relicti
2679 1260 2811 1326 sint
2849 1261 3189 1351 praefecti
3226 1260 3304 1326 ab

635 1370 973 1436 Antiocho
1023 1369 1352 1437 redeunte
1397 1369 1484 1435 ab
1536 1369 1706 1436 urbe
1757 1367 2217 1450 Antiochiam,
2248 1390 2391 1434 non
2445 1372 2601 1434 sunt
2637 1366 2874 1450 iidem,
2921 1365 3007 1433 de
3055 1366 3303 1454 quibus

640 1483 671 1541 1
716 1477 926 1542 Mach.
986 1482 1164 1556 1,53,
1211 1477 1465 1565 quippe
1516 1476 1634 1563 qui
1677 1474 2057 1564 praepositi
2104 1475 2240 1541 sint
2295 1479 2446 1564 post
2498 1473 2667 1541 duos
2714 1495 2929 1540 annos
2976 1476 3038 1548 (1
3095 1472 3300 1540 Mach.

640 1583 852 1670 1,30).
2773 1639 2781 1644 .
3073 1581 3084 1587 ·

723 1688 1115 1756 Secundum
1165 1692 1222 1777 S,
1257 1694 1322 1753 et
1366 1688 1536 1774 vulg
1584 1687 1759 1754 ratio
1807 1687 2147 1769 redditur,
2195 1709 2319 1753 cur
2374 1686 2745 1755 Antiochus
2789 1685 3052 1752 miserit
3102 1685 3304 1775 Apol-

634 1795 901 1861 lonium
928 1807 1024 1863 τὶν
1061 1801 1397 1883 μυσάρχην,
1441 1795 1687 1861 ducem
1722 1795 2106 1881 Mysorum1
2139 1815 2295 1861 cum
2336 1793 2662 1876 exercitu,
2699 1792 2846 1859 scil.
2895 1792 3059 1881 quia
3095 1792 3305 1858 animi

635 1902 1060 1967 aflectionem
1100 1901 1467 1982 infensam,
1514 1900 1672 1966 odio
1702 1900 1983 1989 plenam
2014 1900 2089 1966 in
2126 1901 2411 1967 ludaeos
2450 1899 2771 1985 gerebat;
2804 1905 2844 1965 S
2886 1922 2899 1966 ε
2938 1899 3307 1965 Antiochus

637 2011 786 2073 erat
833 2008 903 2071 in
964 2009 1196 2073 furore
1241 2013 1307 2073 et
1350 2008 1427 2071 in·
1474 2008 1707 2072 animo
1744 2006 1920 2072 duro
1968 2010 2205 2072 contra
2253 2006 2538 2072 ludaeos
2591 2013 2675 2073 et.
2714 2005 2893 2071 misit
2945 2010 3073 2072 etc.
3142 2009 3306 2071 Haec

635 2111 1026 2180 coniunctio
1078 2113 1455 2179 sententiae
1506 2118 1668 2201 apta
1723 2116 1822 2177 est
1861 2117 1929 2177 et
1976 2116 2461 2193 consentanea,
2507 2112 2670 2200 quia
2710 2132 2915 2178 causa
2961 2110 3299 2199 quaedam

634 2218 1047 2305 assignatur,
1089 2241 1213 2284 cur
1252 2217 1634 2285 Antiochus
1672 2239 1925 2284 novam
1969 2218 2396 2284 vexationem
2435 2218 2703 2284 ludaeis
2739 2217 3079 2296 intulerit,
3124 2216 3303 2283 ideo-

633 2348 767 2414 que
819 2326 1016 2392 alteri
1060 2325 1330 2391 videtur
1379 2323 1858 2413 praeferenda.
1905 2324 2311 2413 Apollonius
2365 2333 2394 2392 1
2452 2325 2659 2391 Mach.
2710 2329 2860 2405 1‚31
2912 2324 3159 2390 missus
3211 2331 3300 2390 est

634 2439 788 2521 post
819 2431 991 2499 duos
1020 2431 1315 2498 annosi.
1353 2454 1415 2498 e.
1458 2454 1639 2526 anno
1684 2438 1809 2499 11ιὸ
1852 2430 1971 2498 sel.
2019 2436 2086 2497 et
2127 2454 2308 2497 anno
2354 2438 2479 2498 168
2521 2435 2678 2498 ante
2709 2431 2868 2503 Ch.;
2904 2429 2991 2496 de
3023 2453 3107 2495 eo
3153 2429 3300 2496 vide

632 2560 842 2627 supra
894 2545 1029 2618 3,5.
1079 2546 1152 2615 7,
1208 2543 1318 2619 h,h
1379 2538 1502 2626 qui
1557 2538 1698 2604 iam
1751 2559 1822 2603 se
1879 2538 2240 2604 inimicum
2304 2537 2573 2604 ludaeis
2618 2537 2781 2603 satis
2837 2537 3294 2626 praestiterat.

634 2645 944 2712 Mandato
979 2643 1162 2731 regis
1201 2643 1408 2733 plane
1449 2644 1738 2727 crudeli,
1788 2643 1931 2710 imo
1970 2644 2212 2710 insano
2254 2650 2401 2710 erat
2434 2645 2804 2710 instructus
2842 2642 3298 2710 interficiendi

632 2760 766 2830 τεὺς
816 2759 876 2817 ἐν
935 2762 1136 2851 ἡλικίᾳ
1177 2758 1403 2830 πάντας
1451 2750 1721 2817 adultos
1754 2772 2018 2832 omneS,
2056 2751 2201 2817 scil.
2243 2749 2605 2817 bellicosos
2656 2751 2938 2817 iuvenes
2981 2757 3048 2816 et
3096 2751 3292 2824 viroS,

530 2848 538 2857 ’
633 2856 979 2922 vendendi
1029 2857 1103 2922 in
1148 2858 1546 2923 servitutem
1608 2856 1933 2922 mulieres
1981 2861 2047 2923 et
2090 2856 2418 2924 iunioreS.
2470 2856 2677 2924 Plane
2742 2857 2972 2923 delere
3030 2862 3294 2942 gentem

631 2961 976 3029 iudaicam
1019 2962 1268 3042 voluit3
1316 2961 1485 3027 adeo
1533 2984 1682 3027 eam
1726 2984 1997 3028 exosam
2050 2963 2315 3028 hahuit.
2353 2969 2431 3029 Et
2483 2965 2695 3049 elegit
2735 2963 3127 3030 ministrum
3166 2961 3296 3028 odii

633 3068 737 3133 sui
777 3066 1014 3133 sceleri
1054 3066 1211 3133 huic
1251 3065 1536 3132 minime
1576 3069 1942 3156 imparem.
1980 3067 2204 3133 Primo
2244 3070 2431 3135 enim
2472 3069 2833 3158 pacificum
2876 3093 2946 3135 se
2978 3069 3298 3136 simulans

632 3181 881 3262 ἐπέσχεν
923 3195 1063 3240 sese
1094 3172 1450 3256 continuit,
1487 3175 1902 3263 exspectavit
1929 3195 2143 3263 usque
2178 3175 2267 3241 ad
2297 3175 2481 3242 diem
2517 3176 2807 3256 sabbati.
2844 3198 2981 3265 quo
3012 3175 3157 3242 scil.
3188 3174 3294 3240 die

633 3280 863 3347 ludaei
903 3302 1042 3346 non
1078 3288 1468 3370 pugnarent
1503 3302 1728 3370 neque
1761 3280 1903 3346 vim
1931 3281 2002 3346 vi
2041 3282 2489 3370 repellerent;
2532 3283 2618 3350 cf.
2666 3290 2695 3348 1
2742 3283 2952 3350 Mach.
2988 3285 3284 3362 2,32-38.

629 3391 719 3452 Eo
759 3393 991 3454 autem
1037 3386 1148 3453 die
1203 3388 1400 3455 λκξὼν
1451 3390 1783 3475 ἀργοῦντας
1839 3410 1994 3455 cum
2054 3388 2318 3454 videret
2378 3389 2661 3457 ludaeos
2714 3389 2804 3456 ab
2856 3387 3040 3455 omni
3086 3407 3287 3476 opere

631 3493 909 3572 otiosos,
942 3492 1136 3559 iussit
1168 3515 1324 3559 suos
1363 3515 1556 3560 arma
1597 3516 1843 3583 capere
1876 3517 1941 3560 v.
1980 3501 2093 3563 25.
2124 3494 2395 3581 Egressi
2427 3500 2624 3562 erant
2660 3503 2754 3564 ἐπὶ
2784 3504 2887 3578 τὴν
2921 3504 3163 3582 θεωρίαν
3203 3491 3291 3558 ad

626 3599 1098 3688 spectaculum
1135 3598 1323 3688 (item
1358 3601 1455 3687 S),
1496 3622 1634 3666 non
1667 3600 1923 3688 poterit
1954 3601 2163 3667 aliter
2194 3600 2497 3689 intelligi
2534 3624 2741 3691 quam
2773 3602 2862 3668 ad
2893 3600 3286 3691 spectandos

629 3706 873 3772 milites
945 3707 1197 3795 (Calm.
1260 3706 1399 3793 K.),
1460 3707 1772 3795 quamvis
1836 3707 2035 3773 multi
2102 3707 2445 3797 explicare
2499 3714 2837 3775 conentur
2898 3719 3145 3793 θεωρίαν
3210 3705 3284 3770 de

629 3813 818 3880 cultu
847 3813 987 3889 Dei,
1037 3813 1124 3878 ad
1163 3812 1534 3900 spectanda
1574 3813 1906 3879 sacrificia
1956 3836 2286 3902 sacraque
2326 3813 2555 3880 officia
2586 3817 2779 3904 (Lap.
2826 3814 2998 3903 Gr.).
3044 3815 3285 3880 Dicitur

627 3919 871 4007 utique
911 3928 1124 4006 θεωρία
1165 3918 1350 4007 apud
1393 3920 1721 4008 profanos
1760 3918 1848 3985 de
1886 3919 2066 3986 ludis
2114 3920 2399 4002 festivis,
2441 3921 2523 3986 de
2564 3921 2673 3987 die
2718 3914 2980 4004 fest0,'4;
3017 3939 3118 3988 τεῦ·
3154 3924 3283 3986 Διε-

628 4035 762 4090 νύσε
771 4055 799 4090 υ
833 4035 895 4092 θ;
903 4034 1049 4111 ωρία
1086 4022 1329 4111 (Plato,
1360 4029 1519 4112 Leg.
1558 4030 1606 4106 l,
1645 4027 1835 4115 650);
1872 4033 1941 4092 at
1974 4026 2433 4115 implobabile
2466 4035 2564 4093 est
2589 4036 2936 4099 auctorem
2970 4027 3281 4094 Iudaeum

629 4128 941 4200 cultum
924 4151 994 4193 in
1028 4128 1284 4218 templo
1324 4130 1691 4216 designare
1735 4153 1748 4199 :
1791 4133 2031 4218 egredi
2074 4133 2161 4198 ad
2203 4144 2265 4201 θε
2241 4144 2483 4221 emptam
2531 4141 2600 4199 et
2638 4156 2793 4201 cum
2835 4134 3285 4220 subiungatur

627 4243 722 4304 καὶ
790 4240 873 4316 εἰς
935 4244 1041 4318 τὴν
1096 4241 1171 4303 τὸ
1177 4244 1268 4303 >aa
1328 4241 1488 4316 etc„
1548 4239 1829 4303 omnino
1886 4238 2427 4325 intelligendum
2478 4244 2576 4307 est
2632 4240 2819 4328 quod
2878 4244 2918 4307 S
2975 4238 3282 4329 explicite

625 4345 903 4432 posuit:
943 4341 1205 4429 egressi
1230 4348 1386 4409 sunt
1425 4365 1506 4409 ex
1545 4343 1714 4410 urbe
1760 4347 1932 4410 sicut
1969 4344 2056 4412 ad
2088 4346 2580 4434 spectaculum.
2619 4351 2815 4412 Putat
2855 4347 2969 4412 Gr.
3026 4344 3279 4413 Iudaeis

622 4450 827 4516 fuisse
861 4449 1181 4537 religioni
1214 4449 1324 4515 die
1367 4449 1641 4516 sabbati
1678 4457 2010 4539 spectare
2022 4452 2324 4519 milites'
2304 4475 2379 4518 111
2426 4451 2630 4518 armis
2662 4451 3123 4519 decurrentes
3160 4447 3274 4516 Sed

621 4578 847 4623 nonne
880 4563 1122 4624 auctor
1149 4555 1284 4622 iam
1320 4563 1734 4645 conquestus
1769 4563 1874 4623 est
1899 4556 1985 4624 de
2027 4557 2108 4623 iis
2139 4559 2258 4647 qui
2289 4559 2363 4624 in
2402 4557 2744 4646 palaestra
2771 4559 2970 4625 ludos
3003 4563 3276 4626 Gracco-

689 4731 730 4773 1.
768 4727 846 4773 Ita
882 4738 1065 4775 nomen
1114 4724 1339 4788 explicat
1380 4727 1534 4776 Niese
1574 4725 1608 4773 1.
1647 4738 1689 4773 c.
1726 4738 1772 4787 p.
1817 4729 1903 4787 293
1933 4727 1968 4776 S
2005 4730 2056 4775 et
2098 4725 2235 4791 vulg.
2269 4730 2321 4776 et
2368 4696 2677 4791 interpretes
2715 4726 2966 4792 explicant
3008 4726 3274 4791 principem

622 4803 844 4852 sceleris.
