3625 5367
698 389 727 446 1.
749 403 839 446 unca.
860 386 934 456 apr
1431 383 1487 443 113
1533 433 1536 439 .

156 546 206 594 Sed
229 551 254 592 et
272 546 304 593 in
323 543 416 592 ceteris
431 542 588 591 civitatibus
603 541 759 591 Golooditi-
805 538 897 596 πολεσι
922 539 970 606 τῆς
993 537 1184 603 Γαλααδίτιδάς
1207 538 1257 593 εἶσι
1280 533 1481 611 συνειλημμένοι

156 635 199 683 dis
226 639 351 682 tenentur
378 631 560 695 comprehensi
590 638 615 680 et
643 632 673 679 in
699 644 761 680 cro·
806 625 852 684 καλ
866 627 901 692 εἰς
916 624 1004 706 αὔριον
1019 626 1164 685 τάσσονται
1177 624 1375 703 παρεμύάλλειν
1392 623 1435 682 ἐπὶ
1448 624 1482 682 rh

156 724 258 772 rtt'rtttm
280 710 477 771 constituerunt
497 721 636 769 admovere
660 720 761 768 exerti·
807 712 968 794 ὀχυρώματα
981 714 1025 772 καλ
1040 713 1239 774 καταλαύέσδαι
1253 719 1299 772 καλ
1313 712 1403 793 ἐξᾶραι
1418 712 1481 773 πάν·

157 819 213 861 tum
236 810 393 861 civitatibus
422 809 464 858 his
490 817 513 858 et
541 810 762 873 comprehendere
807 828 854 869 τας
867 803 974 869 τούτους
989 806 1014 860 ἐν
1029 807 1117 883 ἡμέρᾳ
1133 813 1192 885 μιᾷ.

157 909 182 950 et
197 899 291 952 toliere
304 913 347 948 eor
359 899 391 948 tn
405 912 461 947 uno
475 899 529 947 die.

128 1019 135 1030 ·
193 988 239 1038 28.
265 989 299 1037 Et
323 989 453 1038 conuertit
481 987 563 1035 ruder
587 993 611 1035 et
633 988 763 1036 exereitus
848 983 898 1042 28.
915 980 969 1040 Καὶ
985 980 1147 1060 ἀπέστρεψεν
1167 981 1267 1047 Ἰούδας
1283 981 1486 1061 καὶὴπαρεμ.

158 1079 217 1127 eius
233 1077 307 1126 oiom
326 1077 358 1126 in
375 1077 604 1129 desertumhosor
619 1083 725 1139 repente
740 1081 764 1122 et
809 1069 876 1140 ύολὴ
891 1073 970 1128 αὐτοῦ
985 1069 1043 1128 ὁδὸν
1064 1073 1100 1135 εἰς
1119 1069 1167 1140 τὴν
1191 1068 1288 1148 ἔρημον
1310 1072 1345 1136 εἷς
1364 1071 1484 1148 Βύσσορα

160 1167 300 1231 occupavit
327 1166 463 1215 ciuitatem
488 1171 513 1214 et
539 1165 634 1214 occidit
664 1177 765 1212 omnem
811 1159 893 1238 ἄφνω,
915 1157 961 1216 καλ
985 1157 1146 1216 κατελάὸετο
1168 1158 1215 1228 τὴν
1237 1157 1312 1216 πόλιν
1332 1159 1376 1218 καὶ
1397 1160 1484 1218 ἀπέκ-

162 1255 309 1305 morcutum
320 1257 404 1304 inore
419 1254 507 1318 plodii
522 1260 545 1302 et
562 1254 662 1317 occepit
674 1253 765 1302 omnio
810 1271 878 1305 τεινε
896 1256 949 1306 πᾶν
967 1247 1103 1326 ἀρσενικὸν
1123 1249 1148 1304 ἐν
1168 1247 1282 1324 στόματι
1297 1247 1428 1329 ῥομφαίας
1441 1247 1486 1306 καλ

161 1344 252 1409 spolio
277 1357 367 1394 eorum
397 1350 421 1391 et
449 1343 583 1394 succendit
611 1357 669 1391 eom
693 1342 763 1404 ἀραί.
811 1336 889 1396 ἔλαύε
909 1335 997 1396 πάντα
1021 1337 1053 1394 τὰ
1076 1339 1161 1394 σκῦλα
1176 1337 1262 1394 αὐτῶν
1284 1335 1330 1394 καὶ
1346 1336 1487 1414 ἐνέπρησεν

162 1435 207 1485 29.
232 1434 267 1483 Et
290 1440 463 1482 surrexerunt
480 1433 543 1481 inde
560 1431 765 1481 nocteetihont
812 1423 893 1496 αὐτὴν
915 1424 988 1504 πυρί.
1014 1427 1063 1487 29.
1091 1425 1144 1485 Καὶ
1164 1427 1264 1504 ἀπῆρεν
1284 1429 1381 1484 ἐκεῖθεν
1396 1427 1487 1493 νυκτὸς

162 1537 245 1586 ireque
275 1523 310 1570 od
333 1523 518 1570 munitionem.
542 1519 586 1571 30.
610 1522 643 1570 lit
667 1519 767 1584 [ortum
811 1515 857 1574 καὶ
879 1515 1018 1594 ἐπορεύετο
1039 1509 1094 1580 iore
1105 1515 1149 1572 ἐπὶ
1168 1515 1197 1572 τὸ
1218 1513 1357 1594 ὀχύρωμα·
1374 1517 1423 1575 30.
1441 1515 1489 1573 καλ

163 1619 201 1661 est
217 1609 346 1670 dituculo,
361 1623 420 1658 cum
435 1610 580 1659 eteoorrent
591 1609 679 1658 ocutos
693 1622 763 1667 ενοι,
813 1601 916 1680 ἐγένετο
950 1603 1043 1674 ἑωθινὴ
1078 1602 1124 1661 καλ
1144 1595 1212 1681 ἦραν
1246 1603 1305 1669 τοὺς
1339 1602 1489 1684 ὀφθαλμοὺς

164 1713 220 1750 ecee
247 1698 365 1764 populus
391 1698 499 1759 multus,
527 1700 602 1747 euius
629 1712 685 1747 nou
710 1705 767 1747 eret
814 1695 900 1750 αὐτῶν
915 1691 960 1750 καὶ
976 1693 1030 1751 ἰδοὺ
1043 1692 1105 1758 λαὸς
1120 1690 1202 1758 πολὺς
1216 1683 1245 1750 ού
1260 1695 1305 1750 οὐκ
1320 1683 1352 1762 ἦν
1366 1693 1486 1769 ἀριθμὸς,

163 1801 300 1847 numerus,
321 1795 459 1852 portantes
474 1787 561 1837 scotos
577 1795 600 1837 et
616 1787 765 1844 machinos,
814 1780 930 1859 αἴροντες
944 1781 1077 1856 κλίμακας
1089 1780 1136 1837 καὶ
1153 1780 1277 1859 μηχανὰς
1290 1779 1488 1839 καταλαὸέσθαι

165 1885 194 1928 ut
209 1878 459 1942 comprehenderent
480 1878 658 1927 munitionem
678 1884 703 1926 et
722 1890 768 1924 er·
814 1871 844 1928 τὸ
863 1871 1004 1949 ὀχύρωμα1
1021 1868 1066 1929 καλ
1086 1867 1229 1940 ἐπολέμουν
1249 1870 1350 1935 αὐτούς·
1372 1871 1422 1930 31.
1443 1869 1491 1927 καλ

165 1973 386 2032 pupnorenteos.
407 1967 450 2016 31.
472 1967 589 2017 Etoidit
606 1967 688 2015 ludos
704 1966 769 2028 quio
815 1951 880 2019 εἶδεν
906 1959 1006 2026 Ἰούδας
1032 1958 1072 2016 ὅτι
1099 1949 1195 2037 ἦρκται
1223 1959 1371 2033 ὁπόλεμος
1398 1958 1444 2016 καλ
1470 1961 1488 2029 ἡ

167 2057 252 2121 coepit
272 2055 371 2105 betium
394 2062 418 2104 et
439 2055 540 2105 ctomor
563 2055 628 2105 betti
649 2054 769 2105 accendit
815 2047 917 2128 κραυγὴ
945 2054 991 2120 τῆς
1016 2047 1117 2115 πόλεως
1145 2047 1227 2120 ἀνέύη
1252 2050 1287 2113 εἷς
1311 2047 1355 2105 τὸν
1381 2047 1490 2127 οὗρανδν

168 2147 202 2194 od
217 2145 318 2194 coetum
329 2146 398 2194 sicut
413 2145 486 2204 tubo,
503 2152 528 2194 et
540 2144 640 2193 oiomor
656 2157 769 2206 mopnus
817 2136 941 2217 σάλπιγξι
955 2137 1001 2196 καὶ
1018 2141 1091 2218 φωνῇ
1107 2136 1222 2214 μεγάλῃ,
1240 2138 1289 2196 3⁶2..
1306 2135 1351 2195 καλ
1366 2125 1424 2195 εἶπε
1437 2139 1492 2204 τοῖς

169 2236 200 2283 de
214 2235 333 2292 ciuitate,
356 2234 399 2284 32.
422 2240 446 2283 et
463 2234 531 2283 dicit
551 2233 678 2282 exercitui
702 2246 770 2281 ruo:
817 2227 928 2306 ἀνδράσι
950 2230 998 2296 τῆς
1018 2226 1160 2301 δυνάμεως·
1185 2225 1355 2303 πολεμήσασι
1375 2223 1492 2303 σήμερον

167 2323 299 2388 ραριιοεο
315 2323 393 2372 hodie
423 2337 474 2387 pro
504 2322 638 2387 fratribus
664 2323 770 2371 uestris.
818 2315 884 2393 ὑπὲρ
897 2319 949 2374 τῶν
963 2317 1083 2392 ἀδελφῶν
1098 2317 1184 2390 ὑμῶν.
1202 2316 1250 2374 33.
1272 2313 1324 2374 Καὶ
1345 2313 1452 2386 ἐξῆλθεν
1467 2315 1493 2371 ἐν

171 2413 215 2464 33.
246 2413 280 2461 Et
312 2412 386 2462 oenit
419 2412 506 2461 tribur
542 2411 683 2460 ordinibus
712 2416 773 2474 port
817 2403 902 2483 τρισὶν
919 2407 1013 2484 ἀρχαῖς
1027 2403 1053 2472 ἐξ
1067 2403 1171 2462 ὄπισθεν
1186 2405 1272 2460 αὐτῶν
1287 2404 1333 2462 καὶ
1349 2405 1495 2462 ἐσάλπισαν

170 2515 212 2551 eor
231 2507 256 2550 et
280 2500 497 2550 exclamaverunt
521 2500 593 2549 tubis
621 2506 644 2548 et
670 2498 772 2549 ctomo-
818 2501 876 2560 ταῖς
890 2492 1014 2569 σάλπιγξι
1034 2497 1080 2550 κοιλ
1096 2491 1211 2562 ἐδάησαν
1230 2493 1256 2548 ἐν
1275 2495 1420 2570 προσευχῇ.
1438 2495 1487 2552 34.

171 2596 266 2640 rerunt
286 2591 319 2640 in
334 2591 467 2638 oratione.
484 2588 527 2638 34.
544 2590 577 2638 Et
592 2593 772 2658 copnooerunt
822 2581 875 2640 Καὶ
891 2580 993 2657 ἐπέγνω
1007 2585 1023 2651 ἦ
1040 2580 1195 2656 εεαρεμύολ·ἰΙ
1210 2583 1341 2656 Ἰἰμοθεόυ
1356 2579 1396 2637 ὅτι
1413 2582 1496 2638 Μακ-

172 2686 261 2729 σαειτο
284 2679 424 2736 Timothei,
448 2679 514 2740 quio
537 2678 713 2728 itochohoens
736 2681 774 2723 ert
821 2669 931 2736 καύοιῖός
947 2668 1062 2727 ἐστικαὶ
1082 2667 1177 2748 ἔρυγον
1198 2666 1250 2726 άπδ
1264 2667 1403 2748 προςώποο
1418 2669 1498 2726 αὐτοῦ

171 2770 196 2819 et
214 2768 372 2833 refuderunt
393 2781 410 2815 ο
429 2767 498 2831 socie
521 2767 578 2816 eius
597 2772 622 2816 et
637 2778 774 2830 percusse-
819 2758 863 2816 καὶ
889 2756 1017 2826 ἐπάταξεν
1047 2755 1141 2823 αὐτούς
1171 2757 1276 2835 πληγὴν
1303 2756 1422 2832 μεγάλην
1450 2754 1496 2814 κοιλ

171 2863 234 2907 runt
261 2869 303 2906 eor
329 2856 415 2921 pinpo
442 2869 542 2917 mopno
570 2861 595 2904 et
623 2855 774 2904 ceciderunt
820 2846 913 2905 ἔπεσον
936 2845 960 2914 ἐξ
976 2849 1063 2904 αὐτῶν
1087 2849 1114 2905 ἐν
1137 2845 1224 2924 ἐκείνῃ
1244 2847 1380 2927 τῇὴμέρα
1394 2849 1430 2912 εἷς
1449 2847 1497 2902 ὀκ-

172 2960 201 2994 ee
222 2947 262 2995 eir
286 2946 318 2994 in
336 2946 379 2994 dte
399 2944 451 2994 iilo
470 2944 525 3008 [ere
544 2951 600 2992 octo
619 2942 711 2991 mittio
729 2943 773 2991 oi·
820 2933 996 3016 τακιςχιλύοος
1009 2936 1115 3016 ἄνδρας.

173 3049 272 3085 rorum.

207 3125 250 3176 35.
266 3124 301 3172 lit
323 3124 434 3173 divertit
458 3123 540 3172 Iudas
562 3123 593 3172 in
611 3121 726 3186 Mesphe
750 3128 775 3169 et
861 3111 912 3169 35.
928 3108 982 3168 Καὶ
995 3107 1134 3166 ἀπέκλινεν
1147 3111 1183 3173 εἰς
1193 3107 1297 3186 Μαορδι
1309 3106 1356 3166 καὶ
1368 3107 1499 3183 ἐπολέμη·

172 3213 335 3277 ιεριιριιοοίι
354 3219 379 3261 et
398 3213 468 3275 repit
487 3225 545 3260 eom
563 3218 588 3260 ct
607 3211 702 3260 occidit
717 3223 774 3258 om·
823 3219 866 3256 σεν
902 3195 984 3266 αὐτὴν
1012 3197 1057 3254 καλ
1091 3195 1305 3273 προκατελάὸετο
1340 3194 1423 3266 αὐτὴν
1454 3198 1499 3254 καὶ

172 3315 231 3351 nem
253 3301 401 3350 mouentum
423 3308 448 3350 et
471 3301 586 3364 sumpsit
607 3298 697 3363 spotia
719 3300 776 3347 eius
822 3283 1029 3343 intercurrerit
1049 3284 1185 3364 ἀρσενικὸν
1206 3284 1287 3355 αὐτῆς
1305 3281 1351 3341 καὶ
1370 3282 1496 3342 thadee&

172 3399 196 3439 et
220 3391 356 3440 succendit
385 3403 444 3439 eom
467 3391 537 3452 ipni.
566 3387 609 3438 36.
632 3388 697 3438 inde
717 3399 776 3450 per·
823 3375 907 3431 σκῦλα
922 3374 1002 3444 αὐτῆς
1021 3373 1067 3431 καὶ
1090 3371 1233 3452 ἐνέπρησεν
1254 3369 1337 3440 αὐτὴν
1352 3373 1426 3447 πυρί.
1445 3375 1493 3431 3h.

171 3483 239 3529 rexit
255 3486 279 3529 et
292 3481 360 3543 cepit
377 3479 482 3529 corbon
493 3485 518 3527 et
533 3478 640 3540 tropeth
655 3483 679 3525 ct
694 3482 778 3525 Booor
823 3463 941 3520 Ἐκεῖθεν
961 3463 1047 3542 ἀπῆρε
1068 3461 1112 3520 καλ
1133 3459 1348 3539 προκατελάύετο
1368 3459 1416 3531 τὴν
1433 3463 1495 3520 Χα-

169 3575 193 3618 et
208 3570 329 3631 reliquos
343 3569 466 3618 civitatee
482 3567 676 3617 Gotoodttidir.
823 3551 907 3628 σρὼρ,
924 3551 1029 3623 Mureti,
1054 3549 1138 3627 Βοσὸρ
1153 3549 1198 3607 καὶ
1221 3548 1268 3617 τδις
1292 3547 1386 3614 λοιπδις
1409 3549 1497 3616 πόλεις

823 3645 870 3712 τῆς
883 3641 1084 3705 Γαλααδίτιδος.

206 3801 238 3850 ln
252 3814 278 3849 ν.
295 3799 328 3850 ‘28
344 3799 431 3850 tertur
445 3801 474 3848 in
489 3798 656 3850 editionibus
670 3812 702 3854 εις
716 3793 805 3862 Βσοορ,
819 3794 870 3846 sed
884 3794 1034 3858 legendum
1049 3807 1111 3844 esse
1123 3792 1237 3860 Βοσσορα
1250 3805 1313 3844 oum
1329 3793 1357 3850 S.
1372 3809 1395 3854 s,
1413 3805 1433 3850 u
1449 3799 1497 3848 nti-

171 3891 272 3954 quibus
283 3890 403 3949 minusc‚
420 3889 540 3952 losepho
556 3893 635 3951 patet
650 3888 737 3937 otiam
754 3899 790 3936 ex
805 3899 831 3934 ν.
847 3884 890 3933 36.
981 3883 984 3892 ’

214 4063 301 4125 Itum
323 4057 444 4124 Simon
466 4055 503 4121 in
529 4054 713 4121 Galilaeam
739 4049 880 4140 suscipit
902 4049 1173 4139 expeditionem,
1198 4048 1316 4116 eodem
1344 4057 1498 4141 tempore

173 4165 269 4233 ludas
288 4170 323 4232 et
341 4162 502 4231 Ionathas
524 4161 596 4228 eius
614 4162 720 4226 frater
739 4182 771 4224 ν.
795 4163 838 4224 hh
859 4157 925 4225 iter
948 4157 1131 4225 instituunt
1152 4179 1230 4224 oum
1250 4162 1326 4224 oeto
1346 4158 1499 4228 millibus

173 4273 218 4361 tr.
244 4273 302 4359 αθ)
330 4272 369 4337 in
386 4268 523 4338 Galaad.
546 4275 621 4335 Post
642 4265 823 4333 transitum
847 4263 1000 4331 Iordanis
1023 4266 1142 4355 (prope
1161 4264 1305 4346 lerieh0‚
1329 4267 1499 4352 pervade

173 4379 342 4459 iordanis3
360 4374 650 4458 ci.10s.u,7.1ud.
668 4380 763 4453 3383
784 4370 875 4458 1n,5)
892 4369 1053 4438 obierunt
1066 4372 1159 4438 viam
1174 4371 1278 4437 trium
1289 4369 1423 4435 dierum
1433 4392 1502 4458 per·

174 4484 343 4552 desertum
362 4485 385 4552 i.
401 4506 432 4550 e.
447 4504 511 4572 per
527 4481 707 4568 regionem
721 4478 817 4545 illam
835 4476 1040 4567 plerumque
1055 4477 1132 4567 plus
1146 4477 1300 4543 minusve
1319 4475 1497 4553 incultam,

174 4613 261 4681 quae
284 4592 330 4658 ab
353 4590 513 4658 Rabbath
537 4593 681 4655 Ammon
704 4584 884 4651 meridiem
903 4606 1019 4651 versus
1044 4585 1260 4674 protenditur
1282 4587 1314 4648 et
1335 4582 1501 4649 orientem

173 4721 290 4767 versus
311 4698 349 4765 in
373 4698 548 4765 desertum
569 4692 747 4762 arabicum
765 4690 967 4780 porrigitur.
992 4697 1083 4770 Quae
1103 4690 1147 4757 sit
1169 4689 1223 4755 via
1247 4688 1349 4754 unius
1374 4687 1456 4771 diei,
1484 4713 1504 4756 a

174 4806 347 4875 veteribus
361 4826 431 4872 non
446 4826 513 4871 uno
531 4803 634 4870 modo
649 4797 870 4880 describitur3
888 4796 1077 4865 Herodotus
1094 4797 1124 4864 ei
1139 4795 1290 4882 assignat
1308 4795 1419 4862 stadia
1439 4803 1501 4864 150

646 4927 830 4969 triremem
845 4925 872 4965 nt
887 4925 965 4964 Ιλῦέλ.
982 4939 1013 4950 -··
1029 4917 1043 4960 8
