3625 5367
736 390 764 449 1.
788 406 878 450 uren.
902 392 1043 464 aur-28.
1520 394 1553 451 71

224 548 313 599 terum
338 548 398 599 iltis
418 548 516 599 betium
535 550 655 601 sabbatis
679 559 702 601 et
727 553 825 603 mortui
874 550 906 608 τά
932 550 1017 622 κτήνη
1032 551 1118 608 αὐτῶν
1142 548 1192 617 ἕως
1215 548 1308 628 χιλίων
1334 552 1427 631 ψυχῶν
1452 551 1557 630 ἀνθρώ-

222 645 283 689 sunt
299 639 354 703 ipsi
369 646 392 687 et
413 652 508 689 uecres
522 653 611 690 eorum
626 648 650 690 et
669 642 722 705 filii
738 654 827 691 eorum
873 663 943 702 πων,

223 734 246 776 et
261 740 358 791 pecora
373 740 463 777 eorum
479 742 559 791 usque
581 730 615 779 ad
633 728 706 779 mitte
722 730 828 781 animas

223 818 368 867 bominum.

262 906 304 957 39.
322 906 355 954 Et
374 907 496 969 cognorit
517 908 683 958 Maibothios
703 917 727 959 et
748 910 828 958 amici
916 907 965 965 39.
994 904 1049 964 Καὶ
1076 904 1141 981 ἔγνω
1165 904 1320 972 Ματταθίας
1348 905 1395 962 καὶ
1429 906 1452 963 οἱ
1484 906 1553 984 φίλοι

226 996 282 1044 eius
292 1000 316 1043 et
326 994 425 1043 luctum
435 994 674 1062 babueruntsuper
684 997 827 1057 νωτιαίου,-
876 996 955 1053 abrai
974 992 1021 1052 καλ
1038 993 1184 1065 ἐπένθησαν
1204 996 1247 1053 ἐπ’
1263 992 1356 1060 αὐτοὺς
1375 992 1425 1061 ἕως
1439 994 1550 1074 σφόδρα.

224 1084 270 1133 db.
287 1090 311 1132 et
327 1084 396 1132 dicit
415 1084 460 1133 air
473 1086 595 1149 proximo
609 1100 657 1135 suo
672 1103 682 1137 .·
696 1087 721 1135 si
740 1099 828 1136 omnes
875 1083 926 1143 40.
951 1081 1005 1141 Καὶ
1029 1071 1100 1140 εἶπεν
1121 1081 1186 1163 ἀνὴρ
1200 1086 1238 1161 τῷ
1259 1081 1484 1153 πλησίονάὒτοῦ·
1508 1083 1554 1142 ἐάν

222 1173 372 1236 fecerimus,
389 1173 458 1222 sicut
473 1173 572 1237 [ratres
589 1176 676 1225 nostri
696 1176 825 1239 fecerunt,
875 1170 972 1236 πάντες
988 1170 1142 1247 ποιήσωμεν
1159 1174 1194 1237 ὡς
1207 1174 1231 1230 ai
1246 1170 1354 1251 ἀδελφοὶ
1368 1175 1445 1248 ἡμῶν
1460 1171 1553 1245 ἐποίη-

221 1269 245 1310 et
276 1276 330 1310 non
352 1264 562 1325 pugnaverimus
587 1265 714 1313 adversus
737 1270 828 1326 pentes
874 1283 934 1331 σαν,
951 1259 1050 1333 καὶμὴ
1066 1259 1262 1336 πολεμήσωμεν
1278 1259 1342 1339 πρὸς
1361 1257 1396 1317 τά
1410 1258 1471 1332 ἔθνη
1487 1259 1554 1341 ὑπὲρ

221 1364 270 1413 pro
285 1350 427 1399 animabus
439 1354 539 1400 nostris
554 1360 578 1403 et
591 1354 827 1417 iustificationibus
873 1351 926 1407 τῶν
940 1350 1032 1428 ψυχῶν
1046 1352 1123 1424 ἡμῶν
1137 1347 1183 1407 καλ
1197 1351 1248 1407 τῶν
1261 1348 1448 1422 δικαιωμάτων
1463 1351 1552 1426 ἡμῶν,

225 1441 335 1499 nastris,
363 1454 433 1489 nunc
456 1442 536 1491 citius
560 1442 713 1506 disperdent
740 1456 789 1491 noa
810 1457 827 1492 a
873 1442 919 1495 νῦν
938 1437 1030 1517 τάχιον
1048 1442 1119 1513 ἡμᾶς
1137 1436 1335 1516 ὀλοθρεύσουσιν
1356 1437 1410 1494 άπὸ
1428 1441 1475 1506 τῆς
1493 1441 1552 1511 γῆς.

224 1536 308 1577 terra.
331 1526 374 1578 tt.
399 1530 431 1579 Et
456 1532 641 1593 copitaoerunt
661 1532 691 1579 iu
710 1532 752 1580 die
774 1530 826 1580 itta
873 1525 1412 1605 41.Καλέὃουλεάσαντοτῇὴμέρορἐκείνῃ
1422 1525 1552 1603 λέγοντες·

223 1618 362 1667 dieentes:
379 1619 465 1669 amuis
485 1620 560 1667 bomo
576 1620 732 1683 quicumque
748 1634 826 1669 vene·
873 1623 925 1680 πᾶς
938 1613 1115 1692 άνθρωποςθς
1133 1614 1179 1672 tta
1195 1614 1257 1692 ἔλθῃ
1273 1613 1337 1694 πρὸς
1357 1618 1429 1689 ἡμᾶς
1448 1618 1484 1679 εἷς
1502 1614 1552 1674 πό-

223 1707 260 1755 rit
273 1706 308 1755 ad
322 1720 370 1756 uos
386 1708 416 1757 in
432 1707 500 1757 betto
516 1709 558 1757 die
576 1708 758 1769 sabbatorum,
773 1722 825 1773 pu·
872 1704 952 1778 λεμον
967 1707 1001 1782 τῇ
1014 1702 1103 1783 ἡμέρα
1117 1706 1169 1761 τῶν
1186 1700 1342 1775 σαὸὅάτων,
1358 1702 1553 1779 πολεμήσωμεν

222 1808 331 1857 quemue
346 1795 472 1845 adsersus
489 1808 547 1844 eum
566 1802 590 1845 et
612 1809 667 1845 nou
683 1797 825 1845 rnoriemur
872 1790 1222 1867 castramentabantur}
1240 1789 1279 1866 μὴ
1295 1792 1469 1867 ἀποθάνωμεν
1484 1791 1552 1849 πάν·

221 1896 310 1931 οωιιεε
328 1884 395 1932 sieut
416 1885 515 1932 mortui
533 1891 594 1933 sant
615 1885 716 1948 [ratres
737 1885 824 1934 austri
871 1903 914 1947 τες
932 1879 1019 1947 καθὼς
1038 1880 1169 1940 ἀπέθανον
1189 1882 1213 1938 οἱ
1231 1879 1339 1960 ἀδελφοὶ
1357 1881 1434 1956 ἡμῶν
1451 1883 1478 1939 ἐν
1499 1889 1553 1947 τοῖς

219 1972 250 2019 in
264 1971 383 2021 occultis.
869 1969 986 2049 κρύφοες.

256 2060 300 2111 tr.
318 2062 389 2109 Tunc
405 2067 567 2125 conpreqata
581 2068 618 2111 est
634 2063 668 2113 od
683 2076 725 2111 ros
739 2076 824 2125 squa-
911 2060 960 2118 42.
971 2057 1051 2118 ’Τότε
1074 2057 1244 2136 συνήχθησαν
1263 2058 1328 2134 πρὸς
1350 2054 1445 2124 αὐτοὺς
1472 2080 1550 2115 συνα-

220 2163 289 2213 popa
325 2150 514 2200 assidaeorum
548 2150 627 2215 sortis
659 2153 763 2202 viribus
794 2166 824 2201 ea
870 2147 944 2223 γωγὴ
955 2144 1109 2218 Ἀσιδαθων,
1124 2145 1228 2227 ἰσχυροὶ
1242 2146 1352 2221 δυνάμει
1365 2144 1548 2225 άπὸἸσραὴλ,

220 2238 316 2300 Israel,
337 2241 422 2289 omnia
446 2240 617 2289 uoluntarius
637 2242 667 2291 in
689 2240 754 2304 teqe,
779 2240 822 2292 43.
871 2244 922 2302 πᾶς
937 2238 951 2293 ὁ
969 2234 1185 2313 ἑκουσιαζόμενος
1204 2237 1243 2314 τῷ
1256 2232 1341 2315 νόμῳ,
1358 2236 1408 2294 43.
1424 2234 1469 2292 καὶ
1484 2234 1551 2293 πάν-

222 2335 247 2377 et
268 2341 356 2377 ornnes
371 2330 418 2391 qui
437 2328 577 2392 sapiebant
593 2344 609 2379 a
629 2328 718 2391 matis,
736 2332 823 2380 additi
870 2348 913 2392 τες
924 2327 949 2384 οἱ
958 2325 1146 2403 ρυγαδεάοντες
1158 2324 1210 2383 ἀπὸ
1224 2327 1276 2382 τῶν
1293 2326 1381 2381 κακῶν
1397 2322 1550 2402 προσετέθη·

222 2424 284 2465 sunt
300 2418 335 2467 ad
354 2431 396 2466 eos
412 2424 435 2467 et
449 2417 516 2482 [aeti
530 2426 591 2468 stent
608 2419 666 2468 iltis
682 2420 716 2469 nd
730 2421 824 2484 firrrra-
871 2437 920 2473 σαν
938 2417 1026 2481 αὐτοῖς
1044 2414 1089 2473 καὶ
1103 2412 1223 2491 ἐγένοντο
1238 2416 1326 2478 αὐτοῖς
1346 2413 1381 2478 εἰς
1400 2410 1547 2491 στήριγμα.

226 2512 357 2573 mentun·
376 2505 418 2557 44.
440 2514 463 2555 et
487 2506 650 2571 eatteqerunt
670 2510 821 2568 exercitum,
870 2506 919 2561 44.
939 2502 993 2561 Καὶ
1008 2502 1203 2571 συνεστήσαντο
1218 2500 1339 2575 δύναμιν,

256 2638 278 2679 et
292 2638 481 2694 percusserunt
494 2639 645 2697 peccatores
660 2616 821 2693 inirasua,
870 2624 916 2683 καὶ
946 2624 1080 2693 ἐπάταξαν
1109 2622 1283 2703 ἁμαρτωλοὺς
1313 2624 1339 2680 ἐν
1370 2625 1435 2701 ὀργῇ
1463 2625 1547 2681 αὐτῶν

255 2726 280 2769 et
300 2721 373 2770 viros
392 2722 500 2783 iniquos
517 2724 548 2771 ire
565 2722 754 2785 iudipnatione
774 2737 824 2772 sua
870 2712 916 2771 uui
932 2714 1026 2794 ἄνδρας
1041 2712 1153 2789 ἀνόμους
1173 2716 1199 2772 ἐν
1212 2715 1286 2791 θυμῷ
1300 2712 1397 2787 αὐτῶν,

222 2870 245 2911 et
265 2865 343 2912 ceteri
363 2863 490 2928 superant
510 2865 545 2913 ad
563 2866 688 2915 nationes
712 2872 741 2915 ut
759 2880 824 2917 ern·
870 2859 919 2915 καὶ
932 2859 958 2916 οἱ
970 2854 1060 2915 λοιποὶ
1074 2855 1170 2935 ἔφυγον
1182 2855 1218 2920 εἰς
1231 2852 1266 2913 τά
1279 2852 1341 2925 ἔθνη
1356 2856 1485 2924 σωθῆναι.

218 2952 318 3001 decent.

254 3039 296 3089 ts.
314 3040 346 3089 Et
364 3042 488 3091 circuivit
510 3042 675 3093 Matbatbias
695 3052 719 3092 et
743 3046 823 3095 arnici
910 3036 959 3094 45.
980 3032 1032 3092 Καὶ
1052 3031 1187 3092 tristare
1201 3030 1359 3097 Ματταθθατ
1376 3031 1422 3089 καὶ
1439 3033 1462 3089 οἱ
1478 3030 1549 3113 ρέλοε

218 3130 275 3178 eius
289 3136 312 3179 ct
326 3132 513 3180 destruxerunt
524 3144 604 3191 arae,·
616 3131 658 3181 46.
673 3140 697 3181 et
709 3135 822 3183 circum·
869 3123 950 3181 αὐτοῦ
970 3123 1015 3180 καὶ
1035 3124 1157 3181 καθεῖλον
1182 3119 1240 3187 τοὺς
1261 3119 1367 3201 βωμοὺς
1382 3122 1479 3179 αὐτῶν·
1498 3120 1546 3179 iti.

218 3218 341 3267 ciderunt
362 3232 458 3284 pueros
478 3221 675 3271 incircumcisos
696 3229 823 3285 quotquot
868 3209 915 3270 καὶ
941 3210 1096 3290 περιέτεμον
1121 3208 1155 3268 τά
1178 3209 1309 3286 παιδάρια
1326 3208 1361 3267 τὰ
1379 3209 1565 3289 ἀπερίτμητα,

217 3308 381 3357 invenerunt
401 3310 431 3357 in
454 3308 553 3373 finibus
576 3310 662 3359 lsroei
676 3318 701 3359 et
715 3313 746 3359 in
765 3311 822 3374 sor·
869 3299 920 3357 ὅσα
934 3290 1007 3377 εὖρον
1022 3302 1049 3358 έν
1066 3298 1146 3375 ὁρίοις
1160 3294 1273 3377 Ἰσραὴλ
1289 3298 1315 3354 έν
1335 3294 1421 3376 ἰσχύϊ,
1440 3300 1489 3356 47.
1504 3295 1551 3355 καλ

218 3396 334 3445 titudine
340 3408 349 3455 ,·
366 3395 408 3447 47.
430 3404 455 3445 et
473 3398 604 3461 persecuti
618 3404 681 3447 suut
694 3399 765 3464 filios
779 3414 822 3449 su·
869 3386 977 3456 ἐδίωξαν
991 3386 1050 3454 τοὺς
1065 3386 1133 3454 υἱοὺς
1145 3389 1192 3457 τῆς
1205 3388 1386 3465 θπερηρανίας
1399 3384 1445 3443 καὶ
1456 3407 1550 3442 κατευ-

215 3484 325 3547 perbioe
345 3490 368 3534 et
383 3493 571 3550 prosperatum
589 3493 625 3537 est
641 3501 706 3552 opus
721 3489 752 3537 in
771 3503 823 3536 ma·
868 3476 955 3548 οδὼθη
987 3474 1016 3534 τὸ
1046 3478 1121 3553 ἔργον
1144 3479 1169 3534 ἐν
1204 3473 1275 3554 χειρὶ
1301 3476 1398 3547 αὐτῶν,
1429 3474 1479 3533 48.
1504 3472 1550 3531 καλ

216 3574 296 3622 nibus
316 3588 414 3635 eorum,
439 3575 480 3625 48.
502 3582 525 3623 et
546 3576 719 3627 obtinuerunt
740 3577 822 3641 ieqem
869 3564 1109 3623 incendiaverat
1134 3562 1214 3640 νόμου
1236 3565 1266 3620 ἐκ
1284 3564 1373 3643 χειρὸς
1395 3566 1447 3621 τῶν
1469 3562 1549 3620 ἐθνῶν

216 3662 247 3709 dc
263 3664 386 3712 inanibus
405 3664 525 3726 qratiam
544 3671 568 3713 et
589 3666 619 3714 de
640 3667 763 3716 manibus
779 3680 822 3717 re·
869 3656 915 3712 καὶ
931 3656 961 3712 ἐκ
980 3654 1068 3733 χειρὸς
1091 3654 1143 3709 τῶν
1170 3650 1300 3731 βασιλέων
1324 3652 1370 3710 καὶ
1384 3653 1431 3711 οὐκ
1445 3649 1548 3709 ἔδωκαν

215 3764 276 3811 qum
291 3759 315 3801 et
330 3766 385 3801 non
400 3754 528 3802 dederunt
543 3768 626 3804 cornu
641 3758 783 3820 peccatori.
867 3744 947 3824 κέρας
962 3746 1000 3823 τῷ
1015 3742 1178 3820 ἁμαρτωλῷ.

257 3944 457 4013 Ostenderat
479 3946 680 4014 Mathathias
704 3948 814 4015 zelum
834 3947 922 4035 legis
937 3946 1059 4014 audaci
1081 3946 1249 4027 facinore;
1271 3942 1419 4010 eundem
1435 3942 1547 4029 magis

214 4074 351 4142 quoque
367 4051 516 4119 ostendit
539 4074 602 4121 sua
627 4054 672 4121 ad
694 4054 784 4121 cives
805 4054 1005 4121 evocatione
1031 4057 1065 4121 et
1087 4074 1149 4120 suo
1169 4073 1238 4142 quo
1260 4050 1373 4140 praeit
1387 4050 1545 4140 exemplo

211 4159 326 4246 fugae.
343 4158 419 4227 Rite
435 4158 527 4226 enirn
539 4160 723 4250 perspexit,
741 4166 779 4228 ut
793 4161 964 4250 apostasia
974 4160 1195 4227 cohiberetur
1209 4180 1343 4225 necesse
1356 4179 1429 4224 esse
1447 4180 1543 4246 sepe-

212 4288 289 4333 rare
308 4264 406 4355 prius
426 4265 543 4332 fideles
562 4288 583 4333 a
602 4267 703 4335 turbe
718 4273 752 4333 et
766 4267 972 4335 commercio
991 4266 1201 4349 infidelium
1220 4270 1256 4332 ut
1277 4286 1357 4331 vero
1376 4287 1437 4331 sua
1449 4264 1545 4331 resti-

215 4377 368 4440 tueretur
379 4370 531 4459 dignitas
544 4396 583 4441 ac
605 4373 745 4441 libertas
767 4374 977 4465 reipublicae
1001 4378 1036 4441 et
1057 4373 1139 4460 legi,
1154 4393 1238 4460 opus
1259 4393 1332 4439 esse
1358 4369 1544 4460 procedere

212 4477 267 4545 vie
282 4483 316 4545 et
331 4476 451 4546 ordine
467 4480 510 4547 ad
529 4480 781 4569 proeliandum.
800 4481 976 4549 Praeclara
990 4480 1090 4547 initio
1107 4484 1294 4566 utrumque
1308 4475 1540 4562 inauguravit.

213 4590 250 4652 ut
264 4588 376 4674 primo
392 4587 531 4675 quidem
560 4588 693 4654 animos
714 4595 879 4677 provocat
901 4608 1096 4675 generosae,
1114 4586 1173 4652 Dei
1193 4584 1351 4671 legisque
1373 4588 1540 4659 amantes;

212 4712 245 4758 v.
261 4698 303 4758 27
322 4704 476 4760 statuens
493 4706 731 4761 testamentum
753 4704 837 4763 ἱστῶν
859 4695 920 4783 qui
940 4693 1060 4761 foedus
1077 4713 1213 4759 sacrum
1232 4689 1392 4769 retinere,
1411 4710 1545 4762 conser-

209 4820 290 4865 vare
307 4800 389 4867 vuit.
407 4799 543 4868 Relictis
567 4801 691 4891 opibus
710 4801 783 4890 ipsc
805 4823 886 4868 eum
907 4800 987 4867 filiis
1005 4798 1095 4887 fugit
1118 4799 1155 4866 in
1173 4803 1305 4865 montes
1328 4796 1477 4883 regionis
1491 4803 1543 4864 lu·
