3625 5367
307 413 365 470 134
817 410 843 468 l.
869 425 961 470 utcu.
984 411 1126 481 ull-m.

307 582 370 649 pro
388 560 498 626 salute
520 559 639 648 populi
660 559 873 648 profundere
893 564 928 625 et
949 581 1076 627 nomen
1096 557 1163 625 sibi
1183 556 1361 648 acquirere
1382 561 1417 622 et
1436 556 1639 624 memoriam

306 665 521 755 gloriamque
537 664 628 756 apud
652 687 732 732 suos
747 673 1009 756 permanentem
1030 688 1061 731 v.
1080 673 1134 734 bt.
1157 665 1325 732 Audacter
1339 663 1456 752 itaque
1476 663 1639 730 irruitad

305 772 459 842 belluam
478 772 514 838 in
535 773 684 839 mediam
708 772 815 839 aciem
839 780 873 839 et
894 778 932 839 ut
952 773 1043 838 viam
1063 771 1129 837 sibi
1148 770 1309 860 aperiret,
1325 769 1555 837 interficiebat
1575 770 1640 838 ob-

245 906 250 916 ·
306 883 434 946 stantes
448 878 492 946 ad
514 879 670 946 dextram
685 885 719 946 et
737 878 912 946 sinistram
928 889 977 946 καὶ
997 886 1146 967 ἐσχίζοντο
1167 881 1216 946 ἀπ’
1234 881 1321 946 αὐτοῦ
1337 882 1372 943 et
1388 876 1640 967 separabantur

305 1008 326 1051 a
339 984 455 1052 bellua
470 985 543 1052 scil.
560 994 629 1054 ἔνθα
646 991 695 1054 καὶ
710 995 779 1054 ἔνθα
797 985 900 1052 hicet
918 984 1002 1068 illic,
1017 983 1055 1050 in
1070 990 1219 1074 utraque
1234 989 1341 1072 parte.
1362 988 1412 1049 lta
1425 983 1490 1049 sibi
1506 984 1639 1051 aditum

304 1091 349 1158 ad
368 1091 522 1158 belluam
536 1091 700 1181 parabat;
714 1098 764 1160 καὶ
779 1094 873 1172 εἱςέδν
889 1097 922 1157 et
939 1090 1079 1158 intravit
1094 1092 1157 1158 sub
1173 1089 1410 1178 elephantum,
1423 1095 1471 1157 ναὶ
1492 1099 1637 1174 ὑπέθηκεν

304 1203 382 1286 αὐτῷ
400 1197 579 1288 supposuit
596 1220 632 1264 se
650 1197 682 1264 ci
703 1198 813 1287 (vulg)
830 1203 851 1262 S
869 1204 924 1266 :et
939 1199 1105 1287 percussit
1120 1219 1198 1263 eum
1215 1195 1335 1283 gladio
1351 1196 1386 1262 in
1405 1201 1575 1279 ventrem,
1593 1219 1609 1263 s
1627 1217 1634 1262 :

303 1311 339 1371 et
357 1304 528 1371 transfixit
543 1326 639 1384 cnm;
663 1309 809 1394 uterque
829 1324 913 1391 ergo
932 1304 1104 1393 interpres
1117 1303 1253 1371 videtur
1273 1307 1417 1386 ὑπέθηκεν
1435 1307 1514 1390 αὐτῷ
1532 1303 1637 1393 expli·

304 1431 395 1476 casse
415 1413 447 1476 et
466 1410 655 1499 supplesse,
671 1410 722 1476 uti
737 1409 888 1477 babetur
909 1416 930 1476 2
951 1411 1057 1476 llach.
1085 1414 1183 1492 wal
1214 1419 1358 1492 ὑπέθηκεν
1378 1413 1457 1496 αὐτῷ
1481 1419 1514 1478 τὸ
1535 1414 1633 1496 ξίφος

305 1520 339 1582 et
356 1516 443 1582 bene
463 1515 597 1584 addunt
618 1528 649 1584 το
672 1522 752 1604 ξίφος
776 1515 919 1583 minusc.
941 1521 1053 1583 labb.
1071 1523 1125 1582 93.
1146 1523 1187 1584 36
1211 1523 1243 1582 et
1263 1515 1384 1582 eodem
1405 1515 1506 1581 modo
1525 1516 1634 1606 expli-

303 1627 384 1688 cant
401 1622 620 1690 recentiores.
638 1622 785 1691 Cadente
803 1622 988 1712 elephanto
1003 1644 1185 1712 oppressus
1199 1626 1251 1689 est
1273 1622 1411 1689 Eleazar
1425 1643 1465 1688 ac
1481 1628 1635 1689 mortuus

303 1751 334 1794 v.
354 1734 408 1796 bb.
426 1731 641 1819 Propositum
661 1751 731 1796 non
747 1728 875 1816 attigit,
893 1750 971 1796 cum
992 1749 1051 1795 rex
1070 1727 1252 1796 certamini
1273 1750 1342 1794 non
1357 1727 1548 1796 interesset.
1570 1729 1633 1796 Sed

303 1835 375 1902 eius
401 1837 606 1916 coniectura,
634 1858 716 1923 rege
740 1836 950 1926 interempto
971 1836 1044 1901 fore
1070 1844 1107 1902 ut
1127 1835 1201 1922 Syri
1225 1833 1418 1924 perturbati
1442 1857 1482 1901 ac
1505 1841 1635 1902 terrore

303 1941 451 2029 perculsi
465 1941 566 2008 facile
582 1941 619 2008 in
635 1944 753 2029 lugani
769 1941 1034 2024 coniicerentur,
1052 1947 1143 2008 certe
1162 1940 1408 2032 probabilitate
1423 1963 1492 2008 non
1509 1941 1631 2010 caruit.

302 2050 409 2123 Quare
424 2047 560 2115 lacinus
575 2047 659 2131 eius,
679 2069 749 2136 quo
763 2069 799 2114 se
813 2069 922 2115 unum
942 2069 1006 2136 pro
1021 2049 1129 2114 salute
1148 2048 1335 2114 multorum
1356 2046 1514 2129 tradidit,
1529 2051 1561 2116 et
1574 2070 1634 2115 au-

302 2151 367 2219 darr
386 2159 460 2220 erat
474 2159 508 2220 et
525 2152 629 2222 laude
649 2153 809 2240 dignum.
828 2154 907 2221 Eius
922 2153 1116 2220 encomium
1132 2153 1284 2221 celebrat
1302 2157 1334 2220 S.
1355 2155 1555 2222 Ambrosius
1574 2155 1633 2242 (de

302 2259 426 2327 ciliciis
440 2265 465 2341 l,
486 2266 545 2344 t03
569 2266 608 2327 ll.
627 2259 741 2349 roan)
764 2282 771 2328 :
796 2265 961 2348 «quanta
980 2260 1089 2329 virtus
1109 2261 1265 2327 animi».
1288 2265 1410 2327 Verum
1434 2281 1560 2350 parvus
1576 2265 1634 2327 lu·

302 2365 467 2432 dacorum
483 2367 651 2435 exercitus
669 2367 783 2455 impar
804 2372 879 2433 erat
892 2373 1008 2433 tantae
1029 2367 1245 2434 multitudini
1258 2365 1471 2457 superandae
1485 2374 1520 2434 et
1534 2387 1633 2434 coer-

301 2471 447 2554 cendae,
464 2473 556 2539 unde
570 2495 600 2540 v.
620 2480 661 2542 tr
680 2473 836 2540 videntes
853 2473 977 2559 ingens
995 2473 1103 2541 robur
1117 2473 1216 2560 regni
1233 2478 1266 2540 et
1282 2473 1448 2562 impetum
1466 2473 1633 2540 exercitus

300 2577 406 2645 satius
420 2576 592 2647 duxerunt
609 2602 680 2648 sese
703 2579 856 2669 recipere
870 2585 904 2646 et
920 2579 1115 2646 recedentes
1137 2580 1311 2648 declinare
1330 2579 1375 2645 ab
1396 2579 1562 2648 hostibus.
1582 2586 1628 2648 S:

300 2688 334 2750 ct
345 2683 432 2751 vidit
445 2684 586 2754 ludas...
603 2692 638 2753 et
651 2684 853 2768 declinavit;
871 2686 949 2752 suti
966 2707 1105 2771 graece;
1122 2693 1266 2776 uterque
1280 2690 1370 2753 recte
1387 2706 1464 2752 cum
1481 2708 1628 2773 graeco:

299 2790 406 2858 robur
424 2792 533 2877 regni.
1627 2845 1641 2874 ,

651 3018 697 3075 19.
722 3013 903 3092 Oppupuctio
918 3015 1026 3074 aruntis
1043 3014 1144 3094 templi
1155 3019 1292 3083 ubl-bl.

337 3228 410 3291 (tlt.
439 3231 537 3280 Castra
568 3236 656 3282 uatem
685 3231 756 3294 repta
784 3231 906 3280 accende·
992 3221 1076 3292 6,l8.
1092 3220 1128 3278 Οἱ
1143 3217 1170 3277 δὲ
1189 3221 1219 3278 ἐκ
1234 3225 1281 3291 τῆς
1302 3219 1474 3297 παρεμὸολῆς
1488 3223 1533 3278 τοῦ
1548 3223 1630 3298 βασι-

303 3324 473 3368 cumcontra
492 3333 535 3368 σοι
550 3320 581 3368 tn
599 3319 748 3370 Ierusalem
770 3327 794 3369 ct
814 3319 905 3385 appli-
950 3307 1016 3373 λεύνς
1030 3305 1170 3366 ἄνέὸαινον
1187 3309 1223 3374 εἰς
1242 3308 1399 3380 συνάντησιν
1419 3309 1507 3368 αὐτῶν
1526 3309 1562 3376 εἰς
1579 3307 1630 3370 ‘ls-

301 3414 411 3457 cueruut
441 3414 530 3458 rastro
565 3409 636 3472 repis
664 3409 700 3458 cd
727 3409 856 3458 Iudaeam
880 3416 904 3457 ct
951 3397 1100 3477 pecculrlp,
1124 3395 1168 3455 καὶ
1199 3395 1379 3476 παρενέὅσλεν
1403 3399 1417 3454 ὁ
1442 3395 1564 3476 βασιλεὺς
1592 3399 1630 3465 εἶς

302 3503 416 3544 tanatem
430 3497 512 3555 Sion,
532 3495 576 3546 la.
602 3503 626 3545 et
646 3496 708 3561 [σοιν
730 3511 823 3561 pacem
846 3512 904 3547 cum
950 3485 998 3557 τὴν
1017 3484 1148 3545 Ἰουδαίαν
1168 3486 1214 3544 καὶ
1235 3485 1319 3568 eieci
1337 3486 1395 3564 ὄρος
1415 3485 1496 3546 Σιών·
1515 3489 1564 3547 49.
1582 3486 1627 3544 καὶ

302 3582 343 3632 bta
363 3585 410 3646 qut
430 3591 507 3633 eraut
528 3585 558 3633 ιἰν
585 3586 725 3647 bethsura,
745 3588 904 3636 etesiarum
950 3575 1073 3647 ἐποίησεν
1086 3573 1191 3653 εἰρήνην
1205 3574 1334 3652 μετὰτῶν
1346 3577 1376 3634 ἐκ
1388 3575 1567 3654 Βαιθσούριὶιν,
1581 3574 1628 3633 καὶ

300 3672 330 3720 de
358 3673 475 3733 ciuitate,
503 3675 569 3736 quic
600 3688 656 3724 uon
682 3681 760 3725 eruut
793 3676 831 3725 ets
864 3676 904 3724 ibi
949 3661 1056 3735 ἐξῆλθον
1075 3665 1105 3722 ἐκ
1122 3667 1168 3734 τῆς
1184 3661 1294 3736 πόλεως,
1308 3663 1349 3722 ὅτι
1363 3666 1410 3723 οὐκ
1423 3655 1456 3734 ἦν
1471 3665 1559 3728 αὐτοῖς
1573 3665 1630 3724 ἐκεῖ
1670 3657 1673 3664 ¹

299 3760 430 3812 alimenta
442 3763 583 3823 conclusis,
608 3765 673 3826 quta
696 3765 811 3814 sabbata
825 3772 903 3814 erunt
949 3752 1039 3829 διατρο
1059 3751 1076 3824 ἦ
1093 3757 1139 3812 τοῦ
1153 3754 1356 3830 συγκεκλεῖσθαι
1370 3753 1396 3809 ἐν
1411 3753 1490 3832 αὐτῇ,
1502 3751 1542 3810 ὅτι
1561 3751 1627 3810 ccid-

300 3858 396 3901 terrce.
419 3851 463 3902 50.
479 3853 512 3900 Et
536 3853 795 3916 comprehenditrec
820 3855 903 3902 Beth·
949 3775 1123 3918 ὅατυνλντῇ
1141 3845 1187 3922 γῇ.
1202 3843 1249 3902 50.
1265 3839 1500 3901 Καὶκατιλάὸιτο
1518 3843 1532 3898 ὁ
1548 3845 1627 3920 βασι-

298 3954 400 4001 ουιυηι,
426 3947 450 3989 ct
484 3943 626 3990 constituit
662 3941 722 3991 llta'c
755 3944 902 3992 custodiam
948 3929 1007 3996 λεὺς
1020 3928 1068 4000 τὴν
1084 3929 1247 4009 Βυιθσούρσν
1263 3929 1309 3988 καὶ
1324 3929 1451 3999 ἀπέταξεν
1471 3930 1527 3988 ἐκεῖ
1546 3951 1626 4010 φρου-

298 4039 405 4078 ιινυσσσ
432 4041 499 4076 cam.
528 4029 571 4078 51.
599 4031 632 4078 Et
656 4032 786 4080 corruerat
812 4039 902 4081 castro
949 4017 995 4098 plu
1015 4025 1104 4098 τηρεῖν
1124 4017 1219 4090 αὐτήν.
1234 4021 1286 4080 51.
1304 4019 1359 4078 Kal
1379 4017 1560 4100 παρινὲὃσλιν
1581 4019 1625 4076 ἐπὶ

298 4115 332 4162 ad
358 4114 442 4164 locum
472 4118 696 4182 sanctificationis
724 4120 781 4168 dies
804 4120 901 4169 maltos
947 4107 975 4166 τὸ
994 4107 1114 4187 ἇγίασμσ
1138 4107 1353 4188 ἡμέραςπολλλις
1377 4107 1422 4166 καὶ
1439 4109 1550 4179 ἔστησεν
1571 4109 1628 4167 ἕνεί

297 4207 319 4251 et
341 4204 438 4252 statuo
459 4203 519 4254 ittr'c
535 4205 649 4255 balterus
666 4214 691 4256 et
714 4209 852 4257 machinas
875 4216 899 4257 et
947 4195 1115 4272 βελοστάσεις
1135 4197 1180 4253 καὶ
1206 4195 1329 4276 μηχανὰς
1351 4196 1397 4255 καὶ
1418 4196 1555 4274 πυρόὸολσ
1579 4197 1627 4254 καλ

296 4293 371 4354 tynis
395 4292 485 4342 ioculo
518 4300 543 4342 ct
572 4302 703 4344 tormento
732 4297 767 4344 cd
796 4296 899 4360 lapides
945 4283 1068 4344 λιθόὸολα
1082 4285 1128 4343 καὶ
1145 4283 1289 4364 exspuitur
1304 4287 1340 4351 εἰς
1354 4285 1384 4344 τὸ
1400 4287 1544 4363 βάλλεσθαι
1559 4287 1625 4364 βέλη

295 4381 435 4432 iactandus
452 4389 477 4430 et
491 4383 598 4448 spicata
612 4391 637 4434 et
654 4385 771 4450 scorpios
785 4387 820 4435 cd
834 4386 898 4434 mit·
945 4375 989 4430 καὶ
1013 4374 1162 4454 σφενδόνας.
1185 4376 1235 4436 52.
1250 4373 1304 4434 Καὶ
1326 4373 1455 4443 ἐποίησαν
1479 4373 1523 4432 κοιλ
1550 4374 1625 4434 αὐτοὶ

295 4472 388 4521 tendor
417 4473 532 4535 supinas
554 4481 578 4522 ιε
594 4473 749 4538 fundibulo.
774 4475 818 4525 52.
850 4475 898 4523 Fe·
945 4461 1067 4541 μηχανὰς
1087 4465 1152 4542 πρὸς
1175 4462 1224 4529 τὰς
1242 4462 1367 4542 μηχανὰς
1388 4464 1474 4522 αὐτῶν
1495 4463 1541 4521 καλ
1559 4465 1624 4524 ἰπο-

294 4567 386 4610 cerum
408 4568 497 4612 cutem
518 4568 542 4611 et
566 4564 620 4627 ipsi
641 4565 781 4614 ruccbiucs
800 4565 897 4613 cdrer-
943 4550 1063 4627 λὲμησαν
1089 4551 1192 4630 ἡμέρας
1217 4551 1330 4618 πολλάς.
1359 4555 1411 4612 53.
1430 4551 1566 4632 lt'pdpora
1596 4552 1624 4611 δὲ

292 4662 336 4697 ουν
366 4652 504 4700 maritinae
537 4665 627 4701 corum
655 4660 678 4701 et
708 4659 896 4717 procaverunt
942 4641 988 4697 οὐκ
1000 4631 1031 4711 ἦν
1048 4643 1074 4699 ἐν
1088 4649 1141 4708 τοῖς
1154 4640 1238 4716 ἁγίοις
1250 4639 1293 4700 dala
1305 4639 1337 4699 τὸ
1350 4640 1465 4714 ἒὸδομον
1479 4639 1534 4708 ἔτος
1546 4629 1623 4712 εἶναι,

294 4736 468 4789 diesuauttas.
484 4741 527 4789 53.
544 4746 626 4790 Escae
647 4749 735 4790 cutem
749 4747 895 4790 nonerunt
942 4726 987 4786 καλ
1010 4731 1034 4787 οἱ
1059 4729 1257 4805 ἀνασωζόμενοι
1282 4731 1318 4796 εἰς
1341 4729 1388 4801 τὴν
1414 4728 1546 4790 Ἰουδαίαν
1570 4729 1624 4787 ἀπὸ

294 4823 443 4875 incivitate
462 4842 490 4876 eo
513 4830 581 4889 qumi
603 4831 730 4893 septimus
751 4844 839 4879 canus
853 4842 896 4878 es·
916 4859 920 4892 η
942 4819 994 4874 τῶν
1007 4821 1086 4879 ἐθνῶν
1099 4819 1248 4898 κατέφαγον
1262 4818 1293 4876 τὸ
1306 4818 1459 4895 ὑπόλειμμα
1473 4822 1519 4889 τῆς
1533 4841 1621 4896 παρα·
