3625 5367
724 339 752 396 l.
776 356 867 399 ulcu.
893 340 1034 415 als-st.
1506 348 1545 408 69

207 487 347 555 2llach.
366 490 462 569 1‚1c;
481 492 555 571 8,9;
571 492 650 554 Lxx
665 488 757 555 Esth.
779 496 851 570 1,3;
869 496 966 573 2‚18;
985 495 1119 572 3‚1ete.
1136 496 1274 559 Praeter
1287 492 1376 578 regis
1392 495 1556 562 lavorem'

207 602 241 661 et
263 592 451 679 dignitates
481 613 585 682 porro
611 593 862 683 promittuntur
890 597 1121 685 amplissimae
1151 620 1251 687 opes,
1276 598 1402 686 quibus
1427 623 1544 668 eorum

207 698 357 767 conditio
380 698 547 767 illustrior
573 705 675 789 atque
698 700 900 768 honoratior
920 701 1098 782 reddatur,
1124 703 1197 770 scil.
1223 726 1307 771 acro
1331 717 1364 771 et
1388 720 1541 795 carpento,

207 805 371 895 pecunia,
395 806 500 887 vasis,
519 804 748 894 supellectile,
774 809 925 889 coronis,
946 809 1093 899 aliisque
1119 810 1316 877 muneribus
1342 811 1459 878 maritis
1484 812 1539 902 (cf.

208 910 395 1001 10,20,89).
1454 910 1459 919 '

250 1021 374 1084 Verum
394 1018 486 1085 hisce
507 1017 669 1085 omnibus
683 1019 805 1109 spretis
822 1019 1027 1088 llathathias
1046 1022 1141 1089 clara
1162 1043 1244 1089 voce
1264 1045 1334 1112 qua
1355 1045 1472 1091 omnes
1488 1047 1545 1091 an·

205 1124 321 1191 dirent
336 1123 549 1192 sollemniter
568 1126 740 1215 protessus
757 1132 858 1193 estse
879 1148 1026 1216 suosque
1046 1128 1247 1195 nullatenus
1263 1130 1377 1215 legem
1390 1136 1542 1197 sanctem

206 1230 400 1298 deserturos
415 1253 485 1299 esse
501 1253 614 1320 neque
628 1254 663 1299 se
679 1231 751 1298 ullo
766 1231 868 1300 modo
881 1232 981 1320 tangi
993 1233 1151 1323 exemplo
1167 1233 1333 1313 aliorum3
1351 1235 1416 1302 etsi
1429 1258 1544 1303 omnes

205 1348 320 1426 peritos
330 1342 366 1405 τὰ
377 1345 407 1405 ἐν
418 1346 489 1427 οἴκῳ
500 1357 555 1423 τῆς
568 1345 720 1419 βασιλείας
728 1356 780 1407 τοῦ
793 1346 940 1420 βασιλέως
951 1339 985 1428 (S
1002 1362 1091 1429 quae
1101 1338 1165 1406 sub
1175 1339 1321 1430 imperio
1339 1343 1431 1428 regis
1448 1348 1540 1421 suut,

205 1451 358 1530 egentes
382 1446 481 1530 regni
505 1444 621 1531 regis),
635 1466 725 1533 quae
747 1444 785 1511 in
807 1445 949 1531 regione
970 1446 1213 1513 dominationis
1234 1446 1326 1535 regis
1344 1453 1539 1531 versantur;

206 1552 349 1639 ἐνοῖκῳί.
365 1572 396 1617 e.
414 1550 596 1631 calceus,
615 1551 734 1637 regio?
752 1550 900 1619 audiunt
920 1573 1038 1639 regem
1058 1553 1158 1641 eique
1175 1552 1338 1619 obediunt
1350 1559 1384 1620 et
1403 1556 1451 1621 ita
1466 1555 1543 1644 qui-

206 1654 287 1722 dem
300 1662 340 1723 ut
358 1657 595 1746 uuusquisque
610 1656 765 1724 discedat
785 1661 841 1725 ἀπὸ
861 1666 1004 1745 λατρείας
1020 1669 1157 1746 πατέρων
1175 1665 1262 1727 αὑτοῦ
1278 1681 1298 1726 a
1313 1658 1407 1726 cultu
1422 1660 1542 1726 divino

207 1784 310 1851 quem
323 1769 438 1852 patres
453 1762 691 1844 observarant;
704 1769 753 1831 act
762 1772 939 1857 Ιᾐρετίσοιντο
957 1764 1019 1831 etsi
1032 1786 1150 1831 omnes
1164 1764 1358 1853 gentcssibi
1372 1764 1544 1852 elegerint

207 1876 392 1959 praecepta
412 1870 502 1956 regis
520 1868 734 1937 observanda
753 1870 863 1958 iisque
883 1869 1073 1937 delectatae
1091 1869 1232 1948 luerint,
1254 1894 1284 1937 v.
1301 1878 1343 1937 20
1364 1871 1448 1958 κάγὼ
1463 1872 1498 1961 (u
1515 1877 1542 1938 Α

207 1981 260 2043 23.
280 1981 340 2053 tt:
360 1976 463 2062 vulgo
478 1976 549 2044 ἀλλ’
569 1976 641 2063 ἐγὼ,
664 1980 700 2055 S;
715 1997 731 2041 s
744 1976 855 2042 solum
872 1998 949 2063 ego,
964 1976 1016 2043 uti
1030 1976 1142 2065 vulg),
1161 1977 1290 2066 explica
1308 1984 1357 2047 καὶ
1371 1981 1410 2043 ut
1422 1977 1510 2044 hebr
1529 1994 1539 2044 r

205 2082 243 2148 iu
259 2082 412 2172 spodosi,
429 2105 495 2170 ego
510 2081 613 2149 etlilii
629 2082 697 2148 mei
712 2088 745 2148 et
755 2083 876 2151 fratres
892 2083 957 2149 mei
974 2083 1233 2154 ambulabimus
1247 2086 1283 2150 in
1298 2084 1437 2151 foedere
1449 2084 1542 2173 quod

207 2187 354 2255 maiores
366 2187 476 2255 nostri
491 2189 721 2255 observarunt
733 2208 740 2266 ;
754 2210 787 2256 ν.
806 2195 846 2255 ul
865 2178 958 2269 ἵλεώς
969 2204 1040 2275 ἡμῖν
1054 2190 1143 2257 absit
1158 2212 1179 2256 a
1192 2190 1304 2270 nobis
1322 2190 1370 2256 ita
1389 2188 1542 2279 quando-

207 2294 392 2384 que-opud
407 2298 487 2362 Lxx
512 2282 605 2360 ubibo
619 2294 823 2384 exprimitur
838 2294 873 2383 (Ξ
895 2299 985 2362 Sam.
1011 2302 1130 2381 20,2o;
1152 2303 1302 2378 23,17.1
1328 2301 1403 2363 Par.
1427 2296 1540 2383 11‚19)

206 2401 230 2469 i.
245 2424 275 2469 e.
291 2407 379 2468 Deus
390 2399 559 2491 propitius
573 2401 674 2467 nobis
689 2400 765 2467 soil.
783 2408 914 2468 avertat
930 2412 1105 2471 καταλιπεῖν
1119 2410 1157 2469 ut
1178 2399 1413 2491 relinquamus
1429 2402 1542 2490 legem

206 2512 240 2574 et
259 2511 441 2593 δικαιώματα
463 2514 605 2586 statuta3
624 2508 776 2573 iustitias
794 2507 857 2573 Dei
878 2508 1000 2575 eadem
1026 2509 1177 2590 notione,
1195 2530 1235 2574 ea
1254 2508 1327 2574 scil.
1346 2531 1434 2597 quae
1454 2515 1542 2575 Deus

206 2618 384 2703 tamquam
399 2614 487 2681 iusta
507 2613 605 2680 uobis
622 2612 859 2702 praescripsit;
877 2618 927 2679 est
948 2612 1041 2680 enim
1055 2613 1185 2680 iustitia
1199 2613 1259 2680 Dei
1272 2618 1377 2679 status
1395 2613 1455 2679 ille
1470 2635 1543 2679 rec·

208 2726 305 2788 tuset
324 2720 431 2787 iustus
451 2742 555 2809 quem
577 2725 664 2787 Deus
692 2719 785 2809 apud
806 2718 966 2785 homines
987 2720 1145 2786 exsistere
1170 2724 1204 2785 et
1223 2719 1338 2786 valere
1366 2718 1454 2800 vult3
1472 2741 1542 2808 qua

206 2827 344 2895 notione
364 2826 469 2893 dictio
485 2832 518 2892 et
537 2825 632 2916 apud
651 2826 838 2916 prophetas
856 2833 890 2893 et
908 2826 1002 2915 apud
1020 2832 1051 2893 S.
1078 2826 1221 2893 Paulum
1239 2828 1376 2916 saepius
1396 2848 1541 2915 usurpa-

207 2941 273 3001 tur.
292 2938 375 3000 Cum
390 2933 546 3023 emphasi
559 2957 590 2999 v.
609 2938 650 2999 22
666 2943 724 3001 τῶν
735 2940 834 3020 λὲγων
848 2950 898 3001 τοῦ
914 2940 1061 3015 βασιλέως
1072 2932 1119 3021 (et
1131 2933 1159 3023 s)
1170 2934 1282 3021 primo
1295 2932 1371 2999 loco
1379 2932 1520 3023 ponitur
1533 2952 1539 2997 :

207 3040 377 3108 mandatis
397 3042 488 3127 regis
506 3062 577 3107 non
591 3039 831 3129 obsequemur,
848 3046 885 3106 ut
902 3039 975 3107 scil.
992 3040 1226 3130 relinquamus
1241 3040 1371 3106 cultum
1385 3038 1541 3105 divinum

207 3154 364 3244 nostrum
389 3151 485 3228 δεξιὰν
503 3158 521 3229 ἢ
541 3152 695 3235 ἀριστεράν
713 3146 797 3236 (scil.
813 3147 917 3234 χεῖρα)
931 3147 975 3213 ad
997 3147 1087 3213 latus
1101 3145 1279 3213 dexterum
1294 3147 1347 3212 vol
1367 3145 1542 3212 sinistrum

206 3256 229 3322 i.
241 3277 273 3321 o.
292 3255 363 3321 ullo
379 3253 483 3320 modo
499 3254 555 3342 (of,
573 3258 670 3322 Dent.
687 3259 899 3335 2‚27;·5‚29;
921 3259 1017 3328 17,11
1034 3255 1134 3338 otc.);
1151 3252 1190 3318 in
1206 3251 1303 3337 vulg.
1318 3272 1434 3317 sensus
1449 3252 1541 3317 idem

208 3360 365 3450 pluribus
384 3360 604 3450 proponitur;
619 3360 703 3425 item
720 3359 757 3424 in
773 3363 794 3425 S
814 3378 821 3423 :
838 3365 875 3425 ut
892 3358 1188 3443 transgrediamur
1203 3357 1323 3424 foedus
1341 3362 1542 3423 nostramet

207 3467 338 3534 cultum
359 3473 524 3545 nostrum,
544 3470 602 3533 aut
622 3464 834 3532 declinemus
855 3464 899 3531 ab
920 3464 960 3532 iis
977 3464 1021 3531 ad
1045 3454 1219 3531 dexteram
1238 3468 1298 3530 aut
1317 3461 1509 3543 sinistram;
1526 3484 1543 3527 s

208 3579 366 3641 accurate
378 3571 533 3662 sequitur
547 3594 722 3659 graecum.

252 3680 346 3746 l'idei
361 3679 607 3769 professionem
627 3678 840 3768 praeclaram
862 3700 971 3767 aeque
991 3700 1030 3744 ac
1054 3678 1178 3769 sortem
1200 3674 1310 3742 edidit
1326 3675 1538 3741 Mathathias.

208 3791 324 3853 Nonne
349 3787 559 3875 sperandum
586 3791 658 3851 erat
683 3784 796 3850 verbis
821 3783 908 3850 adeo
934 3784 999 3873 piis
1027 3807 1066 3851 ao
1090 3782 1199 3849 firmis
1222 3782 1356 3848 animos
1385 3779 1540 3846 omnium

209 3894 414 3960 ludaeorum
434 3893 631 3959 roboratum
655 3890 719 3957 iri?
734 3896 776 3957 At
792 3891 935 3957 simulac
950 3889 1094 3957 cessavit
1113 3888 1210 3979 loqui
1228 3888 1335 3954 verba
1349 3888 1445 3963 haec,
1464 3908 1542 3975 pro·

208 3999 306 4067 cessit
322 4001 375 4065 vir
388 3998 533 4067 iudaeus
549 3999 585 4065 iu
603 3998 758 4063 omnium
773 3996 894 4076 oculis,
907 3997 1036 4087 palam,
1055 4018 1171 4064 coram
1189 3994 1353 4063 omnibus
1368 3993 1543 4061 omnibus-

210 4128 276 4196 que
291 4105 353 4195 qui
368 4105 513 4173 aderant
528 4104 764 4195 spectantibus
775 4112 906 4173 θυσιᾶσαι
925 4110 973 4174 ἐπὶ
983 4122 1033 4172 τοῦ
1051 4112 1152 4188 βωμοῦ
1174 4102 1426 4171 sacrificaturus
1441 4124 1545 4191 super

208 4213 316 4280 altare
333 4217 482 4299 (θυμιᾶσαι
496 4217 535 4289 Α,
549 4213 629 4277 item
651 4232 666 4277 s
680 4210 801 4277 offerre
813 4210 945 4295 thura).
962 4212 1039 4277 Zelo
1051 4210 1192 4277 honoris
1206 4211 1264 4277 nei
1286 4218 1320 4275 et
1339 4230 1436 4276 sacra
1454 4206 1545 4273 indi-

210 4319 371 4407 gnatione
396 4340 557 4386 accensus
575 4324 624 4383 ost
645 4317 848 4384 Mathathies
865 4339 872 4385 :
891 4330 1167 4385 contremuerunt
1186 4338 1283 4383 renes
1305 4316 1389 4395 eius,
1414 4312 1544 4380 intimis

209 4424 316 4493 animi
333 4424 520 4491 recessibus
536 4430 726 4491 commotus
742 4431 804 4505 est,
819 4432 868 4493 καὶ
887 4428 1033 4510 ἀνήνεγκε
1054 4434 1144 4509 θυμὸν
1166 4430 1198 4490 et
1217 4446 1258 4489 ex
1270 4423 1313 4487 iis
1327 4440 1460 4488 sursum
1481 4416 1544 4484 ad·

210 4531 308 4599 duxit
328 4531 428 4612 iram,
453 4530 734 4598 excandescentia
758 4536 936 4621 correptus
962 4537 1010 4597 est
1040 4528 1231 4597 secundam
1259 4526 1429 4594 iudicium
1458 4522 1543 4612 lepis

210 4642 284 4708 κατὰ
306 4650 339 4706 τὶ
359 4646 463 4726 κρίμα,
482 4638 569 4705 sicut
597 4636 650 4703 ius
669 4642 703 4703 et
729 4637 782 4703 lex
805 4659 903 4705 sacra
924 4636 1127 4726 postulavit;
1144 4657 1226 4702 nam
1248 4638 1346 4699 Dent.
1374 4638 1451 4714 13st
1471 4653 1543 4719 seq.

210 4742 412 4812 idololatrae
427 4766 498 4811 non
515 4766 585 4812 esse
597 4742 810 4833 parcendum
823 4743 970 4811 edicitur
985 4764 993 4812 :
1010 4765 1081 4810 non
1093 4742 1291 4833 acquiescas
1305 4741 1336 4807 ei
1349 4761 1412 4807 nec
1425 4736 1547 4823 audias
1735 4785 1796 4875 A
