3625 5367
728 333 755 390 1.
779 349 869 393 uncti.
894 333 1033 406 asa-70.
1511 336 1548 394 79

213 482 308 549 cuius
322 481 474 548 consiliis
495 481 729 570 obsequantur
746 487 780 548 et
800 481 863 573 qui¹
879 483 920 549 iis
940 483 983 550 sit
1001 482 1077 549 loco
1099 483 1224 572 patris;
1248 487 1269 549 S
1288 481 1342 548 vir
1361 482 1493 548 consilii
1513 489 1546 550 et

212 587 484 672 intelligentiae3
508 610 523 654 s
541 588 594 654 vir
614 588 880 676 intelligentiae;
903 594 924 655 S
947 595 981 654 et
1003 588 1031 655 is
1053 590 1117 654 erit
1132 587 1231 655 vobis
1253 592 1409 678 caputet
1430 589 1509 672 dux,
1531 613 1564 662 s,

212 701 323 785 pater.
341 700 378 760 ln
394 716 432 760 re
448 693 574 761 bellica
589 695 637 761 eis
650 696 767 763 statuit
786 695 910 762 ducem
927 717 966 762 ae
982 696 1174 785 principem
1190 695 1322 776 ludam,
1342 696 1471 785 quippe
1486 697 1546 784 qui

211 799 415 868 fortitudine
442 800 640 868 excelluerit
664 824 684 868 a
709 802 903 883 iuventute;
930 801 1003 892 ipse
1033 823 1150 869 curam
1178 802 1322 868 habehit
1352 807 1388 868 ut
1415 801 1547 869 bellum

212 907 332 997 populi
346 913 508 994 geratur,
524 914 658 991 πόλεμον
678 917 772 991 λαῶν,
790 913 811 973 S
826 915 861 974 et
874 908 903 974 is
919 913 1017 993 geret
1031 907 1125 974 bella
1141 931 1221 974 oum
1236 909 1385 998 populis;
1404 909 1447 974 de
1462 930 1546 995 gen-

212 1014 305 1080 tibus
326 1018 462 1103 oportet
485 1014 656 1103 pluralem
677 1013 884 1100 intelligere,
912 1015 982 1080 iam
1006 1036 1047 1079 ex
1068 1035 1109 1080 eo
1134 1014 1193 1102 qui
1216 1013 1252 1080 in
1272 1037 1304 1081 v.
1329 1021 1372 1080 67
1391 1015 1547 1103 sequitur

212 1121 409 1207 singularia.
425 1124 583 1187 Ceterum
597 1128 651 1187 71.
670 1131 741 1209 ὑπερ
757 1129 845 1200 tace,
861 1126 895 1186 et
908 1142 949 1186 eo
965 1119 1068 1187 modo
1084 1121 1214 1206 vulget
1228 1143 1243 1186 s
1257 1127 1292 1187 et
1304 1125 1401 1206 geret
1414 1120 1546 1186 bellum

213 1226 335 1316 populi
362 1228 427 1294 sui.
455 1231 635 1294 Praeterea
655 1249 690 1294 v,
717 1234 758 1293 67
786 1226 827 1293 iis
853 1249 956 1294 curae
981 1229 1046 1294 erit
1069 1227 1168 1294 unire
1195 1225 1264 1293 sibi
1294 1233 1327 1292 et
1352 1210 1545 1313 aggregare

214 1355 329 1399 omncs
340 1332 491 1420 sartores
505 1333 605 1422 tepla,
620 1338 658 1400 ut
673 1334 747 1401 scil.
765 1334 873 1400 auctis
888 1333 1020 1401 viribus
1038 1333 1091 1401 ius
1110 1333 1232 1423 populi
1245 1335 1296 1399 sui
1312 1332 1497 1399 defendere
1513 1339 1546 1398 et

211 1439 356 1507 iniurias
369 1439 544 1529 depellere
560 1440 690 1530 possint
705 1446 739 1506 et
754 1436 940 1507 vindictam
951 1440 988 1506 in
998 1439 1213 1526 alienigenas
1225 1462 1380 1506 exercere
1393 1439 1542 1506 valeant.

212 1552 308 1615 llum.
321 1552 437 1614 autem
457 1570 488 1613 v.
516 1553 559 1614 68
583 1547 745 1634 gentibus
764 1547 875 1613 vicem
897 1547 1088 1637 rependant
1107 1554 1140 1613 et
1162 1546 1274 1613 illatas
1293 1546 1437 1613 iniurias
1460 1547 1545 1612 ulci-

212 1659 362 1733 scantur,
379 1652 463 1743 ipsis
480 1652 686 1743 praeprimis
704 1653 877 1721 incumbit
895 1652 1090 1721 sollicitudo
1111 1653 1319 1720 observandi
1338 1653 1425 1738 legis
1444 1673 1545 1740 prae-

213 1764 323 1850 cepta,
337 1766 374 1824 ut
385 1759 459 1826 scil.
474 1758 588 1846 legem
600 1781 704 1849 quam
717 1759 823 1826 armis
837 1764 978 1825 tuentur
993 1760 1096 1827 etiam
1109 1760 1199 1826 vitae
1214 1758 1345 1825 ratione
1355 1757 1542 1824 stabiliant.

258 1865 443 1933 Praeclaris
466 1865 519 1932 his
540 1865 680 1932 monitis
704 1864 883 1932 concludit
903 1887 1109 1947 sermonem,
1134 1865 1308 1932 benedicit
1332 1863 1411 1930 filiis
1434 1869 1467 1931 et
1489 1863 1546 1929 de-

216 1974 354 2042 functus
367 1972 417 2039 ad
425 1983 543 2063 patres
554 1974 623 2041 iam
642 1974 681 2039 in
699 1973 817 2040 scheol
832 1978 1082 2039 commorantes
1096 1971 1272 2062 appositus
1286 1973 1346 2041 est.
1368 1974 1416 2036 lta
1432 1991 1545 2036 sermo

213 2079 251 2146 lit
265 2077 308 2147 de
322 2085 433 2146 morte
447 2078 723 2169 patriarcharum
745 2082 827 2147 Gen.
848 2085 947 2162 aa&
968 2085 1085 2162 35,29;
1103 2084 1216 2164 t9,33.
1234 2083 1330 2145 Dent.
1350 2083 1450 2158 3250
1465 2082 1544 2156 eta,

212 2208 282 2275 quo
297 2185 511 2273 significatur
532 2208 589 2253 eos
608 2186 726 2273 colligi
746 2186 791 2253 ad
811 2186 944 2253 animas
967 2187 1137 2252 maiorum
1157 2187 1193 2252 in
1214 2185 1343 2252 scheol.
1366 2189 1546 2250 Praeterea

212 2293 369 2383 explicita
387 2293 515 2360 mentio
531 2293 569 2360 lit
588 2293 787 2383 sepulturae
806 2295 974 2382 corporis,
995 2297 1144 2360 llortuus
1163 2296 1213 2359 est
1231 2291 1433 2359 Mathathias
1451 2311 1544 2356 anno

215 2405 290 2467 tlt.
309 2398 375 2467 Sel.
393 2399 417 2467 i.
434 2422 464 2467 e.
484 2405 547 2466 167
560 2422 592 2468 a.
611 2400 671 2467 Ch.
689 2406 723 2466 et
734 2399 888 2489 sepultus
902 2399 939 2466 in
953 2398 1076 2466 Modin.
1090 2399 1248 2467 Refertur
1260 2397 1375 2466 luctus
1389 2395 1545 2464 funebris

213 2505 329 2574 verbis
342 2506 384 2573 iis
399 2507 525 2596 quibus
543 2508 656 2575 luctus
670 2507 713 2573 de
732 2510 842 2572 morte
858 2505 961 2572 Iacob
976 2512 1137 2572 narratur
1151 2506 1246 2594 (Gen.
1265 2510 1366 2584 50‚10
1382 2503 1490 2590 LXX),
1508 2509 1546 2568 ut

211 2613 288 2703 ipso
306 2612 471 2680 narrandi
490 2613 593 2680 modo
611 2613 678 2680 viri
700 2611 912 2702 praestantia
937 2611 1208 2678 commendetur.
1232 2617 1253 2678 S
1273 2614 1420 2676 mortem
1439 2607 1546 2674 refert

212 2719 257 2788 ad
271 2741 400 2788 annum
418 2724 480 2787 lta
495 2719 608 2806 regni,
628 2742 642 2785 s
657 2719 707 2785 uti
721 2741 844 2805 graece
859 2717 905 2785 ad
920 2739 1051 2786 annum
1069 2723 1143 2784 raa.
