3625 5367
744 361 773 418 1.
797 376 890 421 nucu.
916 361 1071 431 tudo-30.
1516 368 1573 427 393

245 521 394 582 consulens,
418 528 442 570 et
466 536 643 586 quoecumque
672 520 849 571 lactioboeus
899 534 986 587 ρυντος
1019 511 1173 589 φροντίζων·
1199 512 1249 571 ὅσα
1278 510 1330 591 γδρ
1356 518 1370 572 δ
1398 514 1575 582 Μακκαόαῖος

245 612 355 675 scripsit
379 612 471 673 Lysiae
491 611 521 660 de
540 612 766 671 iudaeis,eoreu
786 624 848 661 con·
896 598 1014 658 ίπέδωκε
1038 603 1077 678 τῷ
1101 600 1187 678 Λυσία
1214 599 1257 658 διδι
1279 605 1406 679 γραπτῶν
1432 602 1494 683 περὶ
1521 608 1573 663 τῶν

246 701 331 749 cessit.
351 698 390 749 16.
409 702 478 749 Nom
501 708 579 749 erant
602 701 720 765 scriptae
742 699 850 749 Iudaeis
895 686 1042 761 Ἰουδαίων,
1054 686 1237 767 συνεχώρησεν
1250 692 1264 745 ὁ
1277 690 1411 767 βασιλεύς.
1426 681 1574 752 16.Ἧσαν

247 788 374 853 epistotae
395 803 412 837 a
430 789 512 851 Lusio
530 789 635 852 quidem
656 788 725 838 hunc
745 790 850 837 modum
896 775 947 855 γὰρ
968 778 996 835 αἱ
1015 776 1198 856 γεγραμμέναι
1215 781 1268 843 τοῖς
1282 778 1417 845 Ἰουδαίοις
1437 780 1574 840 ἐπιστολαὶ

247 878 434 926 continentes:
896 864 971 945 παρὰ
1004 865 1052 941 μέν
1082 864 1179 926 Λυσίου
1203 866 1375 946 περιέχουσαι
1404 867 1447 925 τδυ
1477 869 1575 948 τρόπον

896 976 998 1014 τουτον.

282 1056 374 1116 Lusias
405 1054 507 1119 populo
537 1056 697 1105 iudaeorum
725 1054 847 1105 satutem.
938 1041 1038 1110 Λυσίας
1050 1050 1089 1121 τῷ
1102 1044 1198 1117 πλήθει
1212 1046 1264 1102 τῶν
1276 1043 1413 1104 Ἰουδαίων
1425 1046 1539 1125 χαίρειν.

249 1142 290 1207 17.
304 1144 419 1193 Ioannes
434 1150 457 1193 et
476 1143 615 1193 dbesoiom
631 1145 678 1207 qui
693 1146 769 1193 missi
790 1144 850 1208 sne·
938 1134 986 1191 17.
1005 1131 1129 1202 Ἰωάννης
1139 1132 1400 1210 καίἏίῗεσσαλὼμοί
1410 1133 1573 1214 πεμφθέντες

247 1239 310 1281 rant
326 1245 342 1281 o
356 1232 431 1281 uobis
451 1234 588 1283 tradentes
605 1235 708 1297 scripto
725 1232 849 1297 postuta-
896 1224 961 1299 παρ’
970 1224 1031 1297 ὑμῖν
1048 1221 1181 1288 ἐπιδόντες
1196 1220 1240 1280 τὸν
1255 1224 1489 1301 ὑπογεγραμμένον
1505 1247 1573 1303 χρη-

246 1320 309 1369 bont
325 1326 353 1367 ut
365 1334 397 1370 eo
412 1335 479 1384 quae
491 1335 539 1385 per
551 1321 613 1371 iitos
626 1322 851 1385 siqnifieabontur
881 1316 883 1321 '
897 1310 1042 1385 ματισμδν,
1056 1309 1144 1381 ἠξίουν
1159 1332 1209 1388 περ

247 1408 393 1472 ίυνρίσνεικ.
415 1410 456 1459 18.
481 1411 662 1474 Quaecumque
684 1412 772 1473 icitur
792 1388 850 1473 περι·
897 1397 993 1475 μένων.
1011 1400 1059 1458 18.
1073 1396 1148 1459 Ὅσα
1164 1399 1212 1475 μέν
1226 1390 1271 1458 οἰίν
1285 1397 1338 1457 ἔδει
1352 1399 1451 1479 καὶτῷ
1466 1403 1571 1478 βασιλεῖ

246 1504 391 1562 potnerunt
409 1497 528 1562 perferri
548 1500 667 1563 exposui,
682 1506 707 1548 et
722 1512 789 1561 quoe
808 1512 850 1548 res
896 1492 1101 1567 προςενεχθῆναι
1121 1487 1280 1568 διεσοίιρησα,
1295 1488 1313 1546 θ
1326 1488 1354 1547 δέ
1368 1480 1401 1560 ἦν
1415 1490 1573 1568 ἐνδεχόμενα

245 1586 418 1650 permittebat
440 1588 576 1636 consessit.
599 1588 639 1638 19.
659 1589 689 1636 Si
710 1589 797 1650 icitur
821 1589 851 1637 in
896 1573 1091 1656 συνεχώρησεν.
1107 1577 1155 1637 19.
1173 1574 1240 1636 Ἐὰν
1261 1575 1309 1653 μὲν
1327 1568 1373 1635 οθν
1391 1577 1574 1655 συντηρήσητε

246 1675 457 1739 neootiis'fidem
476 1672 708 1738 conservaveritis,
727 1684 752 1726 et
772 1678 849 1726 dein·
895 1662 944 1735 τὴν
968 1666 1004 1730 είς
1032 1664 1065 1722 τὰ
1095 1663 1241 1742 πράγματα
1270 1663 1385 1739 εὔνοιαν,
1409 1666 1454 1724 καί
1482 1668 1518 1733 εἰς
1544 1667 1575 1724 τδ

249 1775 307 1826 ceps
324 1762 450 1812 bonorum
470 1764 647 1813 cobiscauso
662 1778 715 1814 esse
731 1765 846 1814 tentabo.
895 1752 987 1812 λοιπόν
1018 1755 1182 1833 πειράσομαι
1214 1754 1353 1833 παραίτιος
1381 1757 1443 1830 ὑμῖν
1469 1758 1574 1833 ἀγαθῶν

249 1850 291 1901 20,
307 1852 341 1899 De
356 1853 449 1900 ceteris
465 1858 553 1901 autem
567 1866 616 1917 per
635 1853 748 1916 sinauio
770 1854 849 1903 uerbo
895 1841 1029 1916 γενέσθαι.
1045 1845 1094 1904 10.
1109 1839 1194 1921 Ὑπὲρ
1208 1842 1236 1901 δὲ
1250 1845 1302 1899 τῶν
1317 1843 1386 1900 κατδι
1406 1844 1484 1921 μέρος
1502 1843 1575 1902 ίντί-

248 1940 375 1988 mandavi
395 1948 418 1989 et
439 1941 498 1988 istis
517 1948 542 1989 et
562 1941 604 1991 isis
624 1942 671 2004 qui
689 1954 759 1991 ome
774 1943 849 1990 missi
895 1933 997 2006 ταλμαι
1023 1931 1125 1997 τούτοις
1145 1954 1173 1989 τε
1195 1930 1241 1989 καί
1268 1936 1320 1996 τοῖς
1344 1935 1408 2009 παρ’
1431 1934 1495 2008 ἐμοῦ
1516 1934 1576 1990 δια*

245 2035 317 2086 sunt,
330 2026 447 2090 colloqui
459 2028 603 2078 uobiscum.
616 2029 659 2081 ii.
671 2032 740 2079 Bene
751 2030 847 2079 valete.
894 2022 1023 2099 λεχθῆναι
1043 2023 1115 2094 ὑμῖν.
1140 2021 1189 2080 11.
1212 2016 1363 2097 Ἔρρωσθε.
1386 2018 1484 2087 Ἐτους
1509 2024 1574 2079 ἑκα-

248 2118 324 2165 Anno
349 2118 488 2166 centesimo
515 2118 721 2181 quadrupesimo
745 2125 847 2179 octono,
894 2112 989 2166 τοστοδ
1014 2113 1229 2186 τεσσαρακοστοῦ
1254 2106 1359 2185 ὀγδόου,
1381 2108 1573 2187 Διυςκορινθίου

250 2205 345 2253 mensis
366 2204 482 2253 Dioscori
497 2206 539 2253 die
557 2206 685 2267 uicesimo
700 2214 723 2255 et
739 2214 847 2267 quarta.
895 2198 1002 2272 εἰκοστῇ
1016 2194 1141 2275 τετάρτη.
1160 2231 1162 2234 -

283 2293 325 2342 22.
346 2294 424 2356 tinais
445 2300 532 2343 autem
555 2293 670 2357 epistota
689 2296 743 2343 ista
763 2296 849 2344 conti·
937 2287 985 2343 11.
1009 2283 1043 2343 Ἡ
1064 2285 1091 2342 δὲ
1111 2289 1156 2341 τοῦ
1177 2285 1308 2363 βασιλέως
1327 2284 1453 2355 ἐπιστολὴ
1473 2289 1573 2362 περιεῖ·

247 2381 327 2430 nebat
344 2396 351 2429 :
895 2394 941 2451 χεν
957 2370 1047 2439 οὕτως·

282 2472 334 2518 Rea
354 2472 499 2521 Antiochus
518 2472 611 2535 Lysiae
627 2471 710 2535 tratri
725 2470 847 2520 salutem.
939 2460 1068 2528 Βασιλεὺς
1083 2459 1215 2540 Ἀντίοχος
1232 2464 1271 2540 τῷ
1290 2461 1395 2539 όδελρῷ
1410 2460 1497 2541 Λυσία
1511 2462 1572 2541 χαί-

897 2571 961 2626 ρειν.

284 2649 326 2699 23.
345 2650 424 2697 Patre
443 2655 535 2697 nostro
554 2650 626 2698 inter
640 2650 701 2698 deos
717 2647 849 2697 translato
936 2640 985 2698 13.
1003 2641 1059 2698 Τοῦ
1076 2638 1176 2716 πατρὸς
1189 2641 1266 2714 ἡμῶν
1286 2642 1320 2705 εἷς
1335 2636 1406 2704 θεοὺς
1420 2634 1571 2712 μεταστάν-

247 2750 295 2785 nos
324 2736 439 2787 volentes
468 2750 510 2786 eos
540 2740 586 2800 qui
618 2744 679 2787 sunt
709 2740 740 2786 in
769 2750 850 2799 reqno
895 2748 938 2791 τος
957 2729 1112 2803 βουλόμενοι
1129 2726 1189 2793 τοὺς
1205 2728 1298 2796 ίκτῆς
1317 2726 1452 2806 βασιλείας
1470 2725 1572 2806 ἀταρά-

246 2832 337 2875 nostro
357 2826 415 2873 sine
435 2824 551 2874 tumultu
571 2838 647 2888 onere
663 2832 687 2875 et
702 2826 779 2875 rebus
793 2826 849 2873 suis
895 2837 958 2894 χους
969 2814 1045 2880 ὄντας
1059 2813 1181 2893 γενέσθαι
1193 2816 1258 2894 πρὸς
1267 2813 1315 2887 τὴν
1328 2819 1379 2874 τῶν
1393 2816 1465 2873 ἰδίων
1478 2814 1573 2892 ἐπιμέ-

248 2913 375 2963 adhibere
409 2912 591 2976 diligentiam,
623 2914 666 2963 21.
697 2915 849 2964 audiuimus
895 2902 978 2976 λειαν,
988 2906 1039 2964 11.
1051 2904 1193 2975 ἀκηκοότες
1204 2904 1263 2970 τοὺς
1274 2904 1416 2971 Ἰουδαίους
1428 2902 1466 2980 μὴ
1479 2926 1572 2962 συνευ-

247 3002 360 3051 tndoeos
383 3014 439 3051 non
463 3003 624 3051 consensisse
647 3005 723 3067 patri
744 3016 800 3051 meo
820 3009 850 3051 ut
896 2993 1035 3059 δοκοῦντας
1058 2997 1091 3072 τῇ
1116 2998 1162 3052 τοῦ
1186 2995 1286 3074 πατρὸς
1307 2994 1352 3052 ἐπὶ
1373 2993 1406 3050 τὰ
1425 2991 1573 3064 Ἑλληνικὰ

248 3090 464 3153 transferrentur
478 3092 512 3139 od
528 3092 609 3140 ritum
623 3092 790 3151 Graecorum,
805 3093 849 3141 sed
896 3081 1048 3157 μεταθέσει,
1067 3081 1137 3141 ἀλλὰ
1156 3082 1204 3154 τὴν
1223 3086 1324 3143 ἑαυτῶν
1344 3080 1451 3158 ἀγωγην
1470 3082 1571 3160 αίρετί-

248 3186 334 3229 tenere
352 3178 419 3228 oetie
439 3192 516 3227 sutum
535 3180 700 3239 institutum,
717 3194 748 3229 oc
765 3194 849 3243 prop·
896 3174 996 3242 ζοντας,
1020 3170 1155 3238 ἀξιοῦντας
1185 3176 1390 3249 συγχωρηθῆναι
1421 3173 1508 3235 αὐτοῖς
1537 3172 1571 3227 τὰ

248 3276 320 3318 terea
349 3266 488 3331 postutare
513 3281 529 3314 a
553 3268 631 3316 nobis
662 3268 769 3316 concedi
796 3268 850 3316 sibi
895 3256 1069 3333 νόμιμα·15.
1085 3257 1236 3335 αίροθμενοι
1248 3248 1292 3315 οὖν
1304 3258 1438 3315 καὶτοῦτο
1454 3257 1484 3314 τὸ
1500 3258 1570 3324 ἔθνος

249 3356 371 3419 legitimo
389 3369 448 3405 suo.
470 3354 512 3405 ¹25.
537 3355 655 3404 Veientes
676 3357 763 3418 initu-r
783 3356 850 3404 itanc
896 3344 970 3413 έκτδς
996 3348 1116 3425 ταραχῆς
1139 3335 1216 3417 εἶναι,
1239 3346 1361 3423 κρίνομεν
1389 3344 1419 3402 τό
1445 3367 1475 3401 τε
1502 3345 1571 3422 ἱερὸν

248 3458 350 3508 ottoque
368 3450 471 3506 gentem
491 3444 608 3505 quietam
628 3430 850 3501 esse,stotuentes
897 3434 984 3500 αὐτοῖς
1021 3435 1276 3504 ἀποκατασταθῆναι
1307 3433 1353 3490 καὶ
1387 3431 1571 3493 πολιτεύεσθαι

247 3534 427 3582 iudicauimus
452 3532 578 3597 tempium
597 3533 710 3589 restitui
734 3532 802 3593 iiiis,
822 3538 850 3582 ut
896 3521 967 3579 κατὰ
979 3519 1013 3579 τὰ
1025 3523 1069 3580 ἐπὶ
1083 3525 1134 3580 τῶν
1149 3520 1284 3602 προγόνων
1298 3524 1383 3581 αὐτῶν
1395 3521 1453 3594 έθη.
1464 3524 1514 3583 16.
1530 3511 1572 3584 Ed

248 3628 357 3683 onerent
370 3622 513 3670 secundnm
525 3635 634 3687 suorum
646 3622 779 3670 maiorum
791 3635 850 3670 oon·
896 3599 941 3668 οθν
960 3611 1079 3682 ποιήσεις
1098 3610 1314 3690 διαπεμψάμενος
1332 3610 1396 3687 πρὸς
1414 3610 1507 3679 αὐτοὺς
1526 3613 1571 3670 καὶ

248 3710 423 3759 suetudinem.
444 3710 486 3759 26.
506 3710 574 3759 Bene
599 3711 685 3772 initur
707 3710 810 3773 seceris,
827 3710 850 3759 si
897 3696 956 3765 δοὺς
969 3698 1063 3774 δεξιὰς,
1077 3699 1147 3767 ὅπως
1161 3698 1255 3764 εἰδότες
1270 3697 1319 3769 τὴν
1332 3696 1466 3778 ἡμετέραν
1478 3700 1572 3779 προαί-

247 3798 352 3846 miseris
374 3799 408 3847 od
433 3812 475 3848 eos
500 3804 524 3847 et
549 3800 668 3847 deutrum
693 3800 807 3859 dederis,
822 3804 851 3847 ut
898 3810 969 3867 ρεσιν
988 3786 1096 3864 εόθυμοί
1114 3811 1143 3846 τε
1162 3777 1213 3846 ὦσι
1234 3788 1280 3845 καὶ
1301 3787 1383 3857 ἡδέως
1405 3786 1572 3862 διαγίνωνται

248 3887 356 3949 counito
379 3894 473 3936 nostro
502 3886 639 3937 voluntate
669 3888 736 3937 bono
760 3888 850 3936 animo
897 3876 962 3956 πρὸς
976 3875 1025 3947 τὴν
1041 3879 1091 3935 τῶν
1106 3876 1178 3934 ίδίων
1194 3875 1346 3957 ἀντίληψιν.

247 3976 302 4024 sint
318 3982 341 4024 et
357 3975 527 4025 utilitatibus
544 3978 667 4041 propriis
686 3976 849 4027 deserviant.

284 4062 327 4114 27.
352 4065 391 4113 Ad
417 4064 529 4114 iudaeos
556 4078 618 4115 vero
642 4067 713 4128 roais
736 4065 851 4129 epistota
912 4056 987 4114 ·‘27.
1014 4053 1084 4132 Πρδς
1111 4054 1138 4113 δέ
1164 4054 1194 4112 τδ
1221 4053 1293 4123 ἔθνος
1321 4059 1337 4127 ἡ
1365 4060 1412 4114 τοῦ
1430 4055 1575 4134 ’βασιλέως

249 4151 314 4201 tuiis
328 4158 387 4201 erat
402 4166 410 4201 :
897 4144 1024 4216 ἐπιστολὴ
1038 4141 1146 4214 τοιαύτη
1160 4134 1202 4214 ἦν·

282 4242 335 4289 tien
355 4241 500 4291 Antiochus
519 4242 627 4292 senatui
647 4243 806 4291 tttdoeornm
827 4250 850 4292 et
938 4231 1068 4299 Βασιλεὺς
1086 4231 1218 4312 Ἀντίοχος
1235 4236 1271 4311 τῇ
1289 4234 1413 4313 γερουσίᾳ
1432 4237 1483 4291 τῶν
1504 4231 1576 4293 ’1ου-

248 4330 341 4379 ceteris
357 4330 467 4379 Iudaeis
481 4330 604 4379 sulutem.
898 4321 979 4380 δαίων
994 4322 1107 4387 καὶτοῖς
1122 4321 1211 4387 ἄλλοις
1226 4320 1361 4387 Ἰουδαίοις
1374 4321 1487 4399 χαίρειν.

284 4418 327 4468 28.
347 4420 377 4467 Si
401 4418 507 4479 uoletis,
526 4421 564 4469 sia
584 4422 647 4469 estis
667 4427 695 4469 ut
714 4420 851 4481 uolumus;
938 4411 988 4470 18.
1006 4412 1041 4470 Εἰ
1060 4408 1185 4488 ἔρρωσθε,
1200 4408 1241 4481 εἴη
1258 4409 1292 4467 διν
1307 4413 1342 4475 ὡς
1360 4409 1515 4486 βουλόμεθα·
1528 4410 1574 4468 καί

248 4506 293 4554 sed
308 4512 331 4554 et
348 4506 402 4569 ipsi
423 4508 485 4557 bene
507 4507 637 4558 notemus.
653 4509 696 4559 29.
710 4510 785 4558 Adiit
803 4524 852 4560 nos
898 4496 975 4557 αὐτοὶ
999 4499 1026 4556 δὲ
1050 4496 1212 4575 ὑγιαίνομεν.
1237 4499 1286 4558 19.
1310 4496 1480 4577 Ἔνεροίνισεν
1509 4500 1573 4572 ἡμῖν

248 4592 383 4643 lieneiuus
402 4595 492 4645 dicens
508 4596 574 4645 velte
589 4611 633 4647 vos
649 4598 801 4647 descendere
817 4600 852 4649 od
899 4585 1033 4653 tissimus
1044 4585 1185 4664 βούλεσθαι
1194 4586 1368 4652 κατελθόντας
1377 4588 1447 4661 iud<
1455 4584 1574 4663 γίνῑῦθῦῑ

249 4690 349 4733 uestros
364 4685 410 4747 qui
425 4691 488 4735 sunt
507 4684 580 4750 opud
596 4700 651 4735 nos.
668 4684 711 4735 ³0.
727 4688 774 4735 itis
798 4688 851 4749 iai·
897 4674 1032 4754 crubescis
1049 4676 1133 4742 ἰδίοις.
1149 4676 1199 4735 30.
1213 4676 1275 4740 Τοῖς
1295 4664 1338 4732 οδν
1358 4675 1573 4752 καταπορευομί-

249 4778 293 4819 tur
308 4774 354 4833 qui
370 4778 515 4824 commeant
534 4786 615 4836 usaue
631 4774 665 4823 od
681 4775 750 4824 diem
767 4776 851 4837 triae·
897 4787 952 4831 νοις
972 4762 1052 4843 μέχρι
1067 4762 1208 4843 τριακάδος
1226 4763 1362 4822 Ξανθικοῦ
1379 4762 1489 4843 θπόρίει
1504 4761 1575 4833 δεξιὰ
