3625 5367
255 351 312 412 tua
764 353 792 411 1.
816 367 911 412 utcu.
936 352 1076 424 aec-m

254 505 509 570 pnarentadoercut
528 518 570 555 eor
586 507 725 568 quierant
740 505 771 554 in
786 519 855 564 arce,
903 504 995 578 λεμεῖν
1021 500 1082 568 τοὺς
1108 502 1135 560 tu
1161 505 1194 578 τῇ
1224 499 1293 582 οίκραρ
1321 500 1370 568 ἕως
1397 501 1529 582 καθαρίσῃ
1555 506 1587 560 τὰ

254 597 334 645 donec
349 595 525 645 emundarent
540 600 644 644 sancta.
669 593 712 644 m.
732 594 764 642 m
779 594 857 657 clepit
904 589 980 668 ἅγια.
997 592 1047 652 4⁰2.
1067 589 1121 650 Καὶ
1140 587 1261 657 ἐπίλεξιν
1277 592 1354 670 ἱερεῖς
1374 589 1500 667 ἀμώμους
1514 592 1590 664 θελη-

246 684 401 735 ‘sacerdotes
420 685 478 733 stne
498 682 606 733 macula
624 683 789 733 voluntatem
807 685 859 733 ha·
904 677 950 745 τὰς
970 679 1061 756 νόμου·
1084 680 1135 739 43.
1160 679 1203 736 καὶ
1223 680 1383 760 ἐκαθάρισαν
1402 677 1436 738 rb
1461 677 1524 758 ἅγια
1543 682 1589 739 καί

256 773 343 823 tentes
361 773 393 822 t'n
413 772 467 835 λιρο
482 772 546 833 Dei;
563 772 606 823 to.
622 780 646 821 et
661 774 858 822 mundaverunt
906 759 973 848 ’ήραν
1005 764 1064 834 τοθς
1092 768 1178 834 λίθους
1211 771 1258 826 τοῦ
1291 771 1410 844 μιασμοῦ
1440 771 1476 836 εἷς
1509 768 1589 827 τόπον

254 868 349 911 concta
371 868 395 911 ot
418 861 538 911 tuterunt
564 861 668 926 lapides
689 863 859 911 contamino·
905 856 1067 934 ἀκάθαρτον·
1093 859 1143 916 tt.
1169 855 1215 914 nat
1240 855 1431 914 ἐδουλεύσαντο
1459 856 1519 934 περὶ
1544 863 1589 916 τοῦ

256 951 384 1000 tientetu
403 949 488 998 baum
507 951 689 1008 immundum
706 950 749 1000 tt.
773 957 796 998 et
816 964 859 999 co·
905 943 1096 1024 θυσιαστηρίου
1127 949 1173 1016 τῆς
1199 943 1404 1012 ὁλοκαυτώσεως
1432 950 1477 1003 τοῦ
1505 945 1589 1023 βαίη-

255 1040 354 1103 9t‘toor't
378 1039 409 1087 de
438 1038 523 1087 altari
549 1037 765 1088 holocaustorum
791 1038 861 1101 quod
905 1034 1039 1110 λυομένου,
1061 1032 1088 1092 τί
1106 1033 1179 1115 αὐτῷ
1204 1034 1348 1102 ποιήσωσι.
1373 1037 1422 1094 45.
1447 1033 1502 1094 Καὶ
1527 1031 1588 1093 έπε-

254 1127 431 1193 profanatum
446 1133 503 1176 erat
519 1128 584 1190 quid
599 1117 668 1176 dero
684 1127 793 1191 sereret.
816 1127 859 1177 45.
907 1145 952 1180 σεν
971 1123 1061 1188 αὐτοῖς
1083 1122 1165 1200 βουλὴ
1188 1120 1276 1200 ἀγαθὴ
1298 1123 1418 1180 καθελεῖν
1441 1122 1517 1196 αὐτὸ,
1534 1123 1590 1198 μή·

255 1217 289 1266 Et
318 1217 415 1266 incidit
440 1215 498 1264 itta
524 1215 668 1266 consitium
695 1217 801 1275 bonum,
832 1221 861 1264 ut
907 1233 972 1268 ποτε
993 1211 1102 1288 γένηται
1125 1213 1212 1276 αὐτοῖς
1236 1213 1272 1278 εἰς
1295 1209 1391 1277 ὄνειδος
1414 1210 1455 1269 ὅτι
1476 1210 1587 1286 ἐμίαναν

256 1307 420 1354 destruerent
434 1305 516 1364 illud,
536 1318 569 1354 ne
591 1305 658 1370 {orte
680 1305 739 1354 itta
754 1293 863 1353 essett'n
907 1298 942 1358 τὰ
970 1298 1032 1370 ἔθνη
1057 1301 1131 1358 αὐτό·
1159 1299 1204 1357 καὶ
1235 1303 1357 1359 καθεῖλον
1385 1298 1415 1358 τὸ
1441 1301 1587 1373 θυσιαστή-

256 1394 441 1460 opprobrium,
453 1394 519 1456 quia
528 1394 781 1443 contaminaverunt
792 1391 862 1443 ittud
910 1411 974 1463 ριον.
999 1390 1048 1449 46.
1076 1388 1131 1448 Καὶ
1154 1387 1281 1446 ἀπέθεντο
1303 1387 1362 1455 τοὺς
1388 1388 1474 1455 λίθους
1498 1389 1525 1448 ἓν
1550 1392 1588 1467 τῷ

258 1489 363 1546 pentem
383 1487 407 1531 et
430 1479 552 1531 oemutu
574 1488 638 1531 stent
661 1481 742 1531 ittud.
763 1481 807 1532 tc,
830 1483 863 1532 Et
909 1477 963 1556 ὄρει
986 1484 1032 1535 τοῦ
1049 1475 1120 1536 οίκου
1142 1478 1168 1534 ἐν
1187 1478 1262 1556 τόπῳ
1283 1475 1425 1558 ἐπιτηδείῳ
1445 1477 1525 1556 μέχρι
1542 1483 1590 1535 τοῦ

258 1577 433 1636 reposueruut
451 1570 556 1634 lapides
571 1572 603 1620 in
621 1577 708 1620 monte
723 1571 815 1620 domuc
833 1569 865 1621 tn
909 1568 1125 1646 παραγενηθῆναι
1159 1567 1297 1644 προρήτηυ
1331 1571 1377 1624 τοῦ
1413 1567 1589 1643 ἀποκριθῆναι

259 1660 314 1711 loco
329 1666 401 1724 apto,
425 1660 596 1723 quoadusque
616 1660 718 1709 veniret
732 1659 864 1724 propbeta
911 1653 972 1732 περὶ
1001 1657 1098 1714 αὐτῶν.
1129 1657 1176 1714 47.
1202 1655 1257 1715 Καί
1290 1651 1387 1713 ἔλαθον
1419 1653 1504 1720 λίθους
1529 1657 1589 1712 ὁλο-

258 1756 282 1799 et
297 1749 466 1814 responderet
482 1750 512 1798 de
526 1750 575 1798 eis.
596 1747 639 1798 47.
660 1749 693 1797 Et
709 1754 864 1813 aeceperunt
911 1741 1023 1820 κλήρους
1052 1743 1121 1802 κατὰ
1151 1742 1195 1800 τὸν
1223 1741 1303 1818 νόμον
1336 1742 1385 1800 καίΙ
1413 1742 1590 1822 ᾠκοδόμησαν

260 1837 363 1903 λυρίσαι
384 1840 503 1900 intepros
519 1838 663 1887 secundum
687 1837 769 1899 tepem
783 1844 807 1886 et
823 1851 865 1886 ae·
911 1832 941 1892 τθ
972 1832 1157 1910 θυσιαστήριον
1186 1831 1276 1890 καινὸν
1301 1829 1372 1889 κατὰ
1396 1830 1425 1889 τὸ
1455 1831 1590 1912 πρότερον.

260 1927 435 1991 difieaoerunt
452 1927 538 1975 attare
556 1940 654 1975 nouum
673 1926 815 1975 seeundum
827 1925 865 1974 n-
912 1923 960 1982 48.
979 1919 1033 1979 Καὶ
1056 1921 1229 2000 ᾠκοδόμησαν
1252 1917 1286 1978 τὰ
1308 1919 1371 1996 ἅγια
1399 1919 1445 1977 καί
1466 1918 1500 1978 τθι
1520 1919 1591 1986 ε’ντθς

261 2014 308 2064 tud
322 2014 391 2078 quod
412 2014 466 2078 suit
482 2015 571 2078 prius.
590 2013 634 2062 ta.
655 2015 687 2062 Et
708 2015 866 2078 aedificave-
912 2015 958 2068 τοῦ
980 2010 1052 2067 οίκαυ
1076 2010 1122 2068 καὶ
1145 2007 1192 2075 εθις
1213 2009 1295 2076 αὐλὰς
1313 2009 1435 2086 ήγίασον.
1462 2011 1510 2070 49.
1535 2011 1589 2069 Καὶ

260 2109 324 2153 ruat
338 2108 433 2151 sancto
453 2107 559 2164 atquae
574 2102 650 2151 iutra
668 2103 773 2151 domum
788 2108 867 2176 erant
913 2095 1040 2169 ἐποίησαν
1061 2096 1143 2168 σκεύη
1165 2095 1229 2173 ἅγια
1253 2095 1342 2169 καινὰ,
1364 2095 1410 2155 καλ
1435 2097 1591 2176 εἰσήνεγκαν

260 2191 432 2251 intrinsecus,
449 2197 473 2240 et
490 2191 580 2239 aedem
600 2196 625 2240 et
648 2191 723 2240 atrt'a
743 2191 866 2255 sanctifi·
913 2183 962 2256 τὴν
986 2185 1096 2265 λυχνίαν
1120 2184 1166 2244 καί
1195 2184 1225 2243 τὸ
1257 2183 1443 2266 θυσιαστήριον
1471 2190 1521 2244 τῶν
1550 2191 1592 2245 θυ-

261 2286 398 2331 caverunt.
423 2277 466 2329 49.
487 2280 520 2328 Et
543 2279 662 2342 fecerunt
685 2285 867 2329 acrosancta
915 2273 1057 2349 propatruo
1079 2273 1124 2332 καί
1153 2273 1200 2345 τὴν
1224 2274 1357 2352 τράπεζαν
1384 2275 1420 2342 είς
1446 2263 1489 2332 τθν
1521 2275 1592 2334 ναόν.

260 2383 331 2419 nora
355 2374 380 2417 et
401 2367 553 2417 intuterant
567 2367 759 2417 candelabrum
778 2375 802 2416 et
824 2365 867 2416 at·
915 2365 962 2424 50.
980 2363 1035 2422 Καὶ
1055 2363 1200 2440 ἐθυμίασαν
1223 2363 1266 2420 ἐπὶ
1289 2363 1319 2422 τὸ
1339 2361 1524 2441 θυσιαστήριον
1546 2365 1591 2420 καὶ

262 2465 319 2508 tare
335 2459 504 2506 incensorum
516 2463 540 2506 et
552 2470 671 2507 mensam
684 2457 714 2506 in
725 2456 852 2520 templum
860 2470 867 2514 ,·
915 2451 1013 2532 ἐξῆψαν
1028 2451 1088 2519 τοὺς
1100 2453 1210 2532 λύχνους
1225 2449 1285 2518 τοὺς
1301 2454 1343 2510 ἐπὶ
1361 2455 1408 2522 τῆς
1422 2450 1529 2529 λυχνίας
1545 2450 1591 2509 καί

261 2545 306 2598 50.
322 2552 346 2594 et
364 2548 503 2595 incensum
520 2552 669 2611 potuerunt
686 2558 767 2610 super
782 2545 869 2594 attare
916 2541 1056 2619 ἐραίνοσαν
1077 2543 1104 2598 ἐν
1119 2543 1157 2621 τῷ
1180 2543 1244 2618 ναῷ.
1260 2543 1309 2602 51.
1329 2539 1382 2600 Καὶ
1397 2543 1526 2610 ἐπέθηκαν
1547 2539 1591 2599 aa

262 2641 287 2685 et
320 2635 495 2684 accenderunt
530 2635 652 2684 lucernas
689 2648 757 2696 quoe
789 2647 870 2698 super
915 2629 962 2700 τήν
991 2629 1125 2708 τράπεζαν
1159 2629 1253 2709 ἄρτους
1288 2630 1333 2686 καὶ
1364 2626 1525 2696 treuvam
1559 2627 1594 2686 τθι

262 2724 457 2774 candelabrum
477 2730 554 2773 erant
575 2731 599 2772 rt
621 2723 743 2772 lucebant
758 2724 789 2771 in
805 2729 869 2771 tem·
916 2718 1148 2792 καταπετοίσματα
1163 2718 1209 2776 καί
1224 2719 1347 2776 ἔτελεσαν
1367 2716 1454 2775 πάντα
1478 2717 1509 2776 et
1529 2716 1593 2798 ἔργα

261 2812 324 2878 pto;
349 2813 392 2862 5¹.
422 2818 447 2860 et
473 2819 621 2877 posueruut
648 2825 729 2875 super
752 2826 871 2861 mearam
917 2806 1085 2878 ἃέποίησαν.

262 2914 346 2967 panea
369 2906 394 2949 et
416 2900 602 2964 appenderunt
621 2898 682 2949 oeta
701 2907 726 2948 et
745 2913 870 2950 conrum-

263 2996 404 3043 -maoerunt
417 2990 509 3038 omnia
523 3002 605 3052 opera
619 3001 687 3050 quae
701 2987 833 3052 fecerant.

281 3141 288 3151 ,
308 3159 408 3221 Parta
426 3151 570 3220 victoria
587 3153 623 3218 in
644 3151 680 3219 id
696 3151 849 3218 animum
868 3150 1092 3218 intenderunt
1110 3173 1142 3218 υ.
1157 3157 1199 3218 36
1216 3156 1252 3217 ut
1264 3151 1429 3241 templum
1450 3149 1595 3218 munda-

264 3253 342 3328 rent
360 3260 404 3327 ab
419 3261 512 3326 omni
534 3281 572 3326 re
592 3260 752 3348 protana,
768 3259 813 3325 ab
833 3257 1039 3344 alienigenis
1057 3257 1095 3324 in
1116 3257 1348 3325 sanctuarium
1372 3257 1483 3337 illata,
1500 3261 1535 3325 ct
1559 3263 1596 3323 ut

262 3366 391 3435 iterum
401 3365 488 3433 illud
499 3365 545 3431 ad
560 3365 617 3431 Dei
632 3366 761 3432 cultum
784 3370 1026 3432 consecrarent
1048 3403 1090 3414 -
1110 3371 1282 3452 ἑγκαινίται,
1295 3364 1383 3430 illud
1399 3364 1502 3430 sacris
1517 3385 1594 3430 cae-

264 3473 421 3540 rimoniis
437 3471 652 3552 dedicaceut3
667 3471 829 3538 scontriti
844 3475 923 3537 sunt
938 3471 1067 3537 inimici
1088 3469 1196 3537 nostri
1215 3493 1330 3537 coram
1350 3468 1505 3536 faciebus
1522 3491 1596 3536 nos-

263 3578 335 3645 tris.
357 3582 516 3668 Prompta
527 3577 704 3645 voluntate
720 3571 909 3645 ascendunt
924 3576 968 3642 ad
983 3584 1135 3657 montem
1156 3577 1254 3656 δέους
1270 3599 1387 3643 verum
1404 3575 1510 3642 tristis
1528 3575 1596 3641 illis

266 3685 475 3752 offerebatur
495 3681 651 3773 aspectus
666 3708 699 3751 v.
715 3691 757 3751 38
780 3705 787 3752 :
808 3683 1043 3750 sanctuarium
1064 3684 1234 3752 desertum
1254 3689 1343 3763 erat;
1360 3684 1467 3748 altare
1485 3682 1563 3770 prof
1583 3720 1597 3730 ·

265 3798 396 3873 natum,
426 3793 468 3860 cf.
497 3796 574 3874 1‚5t
604 3792 713 3881 (vulg,
741 3795 816 3874 57);
844 3796 964 3879 portae
987 3790 1149 3856 incendio
1178 3791 1387 3867 destructam
1420 3790 1463 3854 ct.
1498 3794 1594 3866 t,33;

265 3905 286 3966 2
306 3901 410 3966 Maeli.
429 3904 527 3978 &333
544 3898 581 3963 in
596 3898 692 3964 atriis
707 3897 858 3982 virgulta
872 3903 951 3964 nata
974 3903 1070 3964 erant
1083 3897 1169 3962 sicut
1183 3895 1221 3962 in
1237 3896 1392 3963 saltaret
1409 3895 1594 3976 montibus,

264 4006 392 4095 quibus
412 4004 646 4070 testimonium
667 4003 906 4084 exhibebatur,
926 4007 1140 4092 quantopere
1156 4003 1249 4068 locus
1273 4025 1369 4069 sacer
1393 4001 1488 4067 omui
1504 4003 1596 4067 cultu

264 4112 321 4176 Dei
348 4111 475 4176 omisso
498 4114 585 4175 esset
612 4109 805 4176 vastatione
835 4111 1058 4198 profanatus3
1087 4109 1322 4199 pastophoria,
1349 4108 1457 4175 cellae
1479 4107 1598 4196 templi

265 4216 316 4306 (in
333 4215 458 4304 quihus
471 4237 524 4282 res
538 4214 582 4281 ad
602 4215 829 4282 ministerium
853 4216 975 4305 templi
993 4217 1270 4302 asservabantur)
1289 4225 1388 4281 erant
1406 4215 1596 4281 destructae

265 4324 298 4412 (S
315 4322 457 4412 omnes).
476 4327 515 4388 ln
529 4327 599 4389 tam
615 4323 703 4388 tristi
727 4345 842 4389 rerum
863 4323 1061 4410 conditione
1079 4324 1225 4388 mamma
1251 4323 1356 4388 edunt
1384 4321 1484 4407 signa
1505 4343 1597 4386 moe-

265 4432 350 4497 roris
375 4453 407 4496 v.
426 4436 469 4497 39
487 4447 495 4497 ε
516 4437 624 4496 vestes
646 4429 817 4511 scindunt,
841 4429 1049 4496 clamoribus
1072 4430 1208 4515 magnis
1232 4430 1416 4519 plangunt,
1448 4427 1597 4496 cinerem

265 4537 435 4627 capitibus
448 4536 632 4626 imponunt
646 4537 681 4602 in
695 4535 833 4625 signum
844 4537 968 4602 luctus,
988 4541 1025 4602 tn
1039 4541 1166 4602 terrum
1177 4537 1335 4625 prostrati
1353 4541 1456 4601 [teum
1476 4533 1593 4623 implo-

265 4651 344 4710 rant
359 4645 428 4710 alta
445 4666 538 4724 voce,
556 4648 590 4710 et
608 4665 686 4709 cum
710 4643 875 4728 clangore
897 4641 1062 4709 tubarum
1083 4668 1098 4704 ιι
1120 4643 1185 4708 erit
1213 4641 1403 4708 recordatio
1425 4640 1526 4708 vestri
1543 4641 1605 4705 co-'

267 4771 339 4814 ram
352 4751 493 4815 Domino
508 4756 575 4815 Deo
589 4757 715 4831 vostra,
732 4755 770 4816 ut
785 4747 957 4816 eruamini
972 4750 1015 4815 dc
1036 4749 1196 4815 manibus
1211 4747 1429 4815 inimicorum
1447 4777 1461 4806 ο
1482 4751 1594 4829 (Num.
