3625 5367
283 395 341 454 116
804 386 832 442 1.
857 399 948 444 utcu.
971 385 1097 456 snt-38

281 562 482 635 progressus
500 537 589 628 cepit
607 537 738 604 Ceston
754 534 779 601 i.
802 557 832 600 e.
855 534 1012 623 Casphor
1022 533 1068 623 (ν.
1088 539 1148 614 26;
1168 560 1187 606 u
1204 537 1346 622 Χασρον,
1364 539 1391 600 h
1408 535 1566 626 Χασρωθ),
1583 541 1617 621 S,

284 669 454 739 squoque
477 644 621 713 eandem
647 643 784 721 urbem,
803 639 853 706 uti
876 640 911 706 in
939 662 971 706 v.
988 647 1044 721 th,
1060 639 1235 722 exhibent,
1252 646 1286 707 et
1307 642 1440 728 Mageth
1464 649 1497 709 et
1517 648 1620 711 Bosor

283 755 501 845 reliquosque
514 752 679 832 civitates,
698 748 741 814 de
760 747 891 837 quibus
914 747 1041 813 mentio
1057 747 1148 814 faeta
1163 753 1212 814 est
1230 745 1268 814 in
1280 770 1313 816 v.
1331 753 1387 815 26.
1405 753 1460 815 27.

667 950 714 1006 13.
735 942 889 1005 Proelium
902 943 944 1002 ad
956 941 1082 1022 Raphon
1105 945 1237 1016 5‚37-44.

317 1114 391 1176 5‚37.
415 1113 476 1162 Post
501 1112 565 1160 hoea
593 1115 682 1159 autem
710 1108 794 1158 verba
823 1121 887 1157 oon·
977 1105 1059 1176 5‚37.
1075 1102 1152 1162 Μετὰ
1168 1101 1195 1163 δὲ
1210 1102 1244 1160 τὰ
1261 1103 1371 1183 ῥήματα
1385 1109 1470 1162 ταῦτα
1484 1103 1617 1184 συνήγαγε

282 1204 405 1269 proponit
440 1200 592 1250 Timotheus
625 1199 769 1248 exercitum
802 1194 888 1245 alium
934 1191 1063 1267 Τιμόθεος
1082 1189 1256 1271 παρεμύολὴν
1276 1191 1360 1262 ἄλλην
1384 1191 1430 1249 καὶ
1451 1193 1617 1270 παρενέύαλε

282 1302 305 1344 et
325 1298 415 1342 eastra
437 1291 528 1355 posuit
555 1293 649 1336 eontra
670 1287 786 1350 Raphon
812 1291 888 1333 trans
935 1280 1003 1338 κατὰ
1024 1281 1167 1360 πρόσωπον
1195 1277 1305 1361 ‘Papiae
1329 1283 1359 1338 ἐκ
1378 1280 1462 1360 πέραν
1486 1287 1532 1339 τοῦ
1555 1303 1616 1362 χει.

283 1387 437 1432 torrentem,
458 1378 503 1428 38.
524 1377 557 1426 lit
568 1376 642 1424 misit
654 1375 737 1423 ludas
751 1371 888 1437 speculari
935 1373 1049 1447 μάρρσυ.
1075 1371 1125 1432 38.
1153 1369 1208 1430 Καὶ
1232 1367 1387 1428 ἀπέστειλεν
1412 1367 1515 1436 Ἰούδας
1535 1394 1617 1430 κατα.

282 1471 442 1527 eaeroitum,'
468 1472 492 1515 et
511 1465 738 1515 renuntiaverunt
756 1463 781 1509 ei
795 1463 889 1511 dioen-
935 1461 1080 1517 σκοπεῦσιιι
1108 1456 1156 1530 τὴν
1182 1456 1357 1538 παρεμύολὴν
1381 1457 1426 1517 καὶ
1451 1458 1615 1538 ἀπήγγειλαν

282 1567 320 1610 tes
336 1573 343 1609 .'
360 1557 427 1620 quia
450 1559 630 1605 convenerunt
655 1552 690 1600 ad
714 1564 773 1599 tum
799 1563 887 1599 omnes
934 1547 1006 1628 αύτῷ
1019 1547 1149 1626 λέγοντες·
1160 1545 1357 1624 incesseretur
1370 1546 1434 1606 siaiu
1446 1551 1511 1626 πρὸς
1521 1547 1615 1618 αὐτούς

282 1654 372 1712 pentes
398 1658 466 1707 quae
496 1645 528 1692 iu
557 1642 673 1691 circuitu
698 1646 790 1690 nostro
813 1645 885 1695 sunt.
933 1635 1021 1692 πάντα
1043 1635 1079 1692 τὰ
1106 1634 1167 1708 ἔθνη
1199 1635 1233 1693 τὰ
1270 1635 1359 1716 κύκλῳ
1389 1637 1477 1711 ἡμῶν,
1506 1637 1615 1714 δύναμις

280 1736 410 1786 exereitus
434 1731 535 1782 multus
553 1732 651 1788 nimis;
667 1729 711 1779 39.
734 1734 759 1776 et
783 1727 886 1778 Arabus
933 1725 1018 1794 πολλὴ
1033 1723 1145 1804 oedipo·
1166 1725 1214 1786 39.
1230 1725 1275 1783 καὶ
1295 1721 1414 1804 'Aperiat
1433 1725 1614 1801 μεμίσθωνται

281 1826 463 1876 caeterorum
484 1823 516 1870 in
534 1819 671 1868 auxilium
690 1818 743 1867 sihi
758 1822 783 1865 et
798 1822 885 1866 castro
933 1815 969 1878 εἰς
984 1811 1106 1892 βοήθειαν
1126 1813 1214 1879 αὐτοῖς
1232 1812 1277 1871 καὶ
1288 1811 1510 1892 παρεμύύλλουσι
1528 1815 1611 1892 πέραν

279 1918 426 1978 posuerunt
451 1917 526 1959 trans
552 1915 704 1966 torrentem,
731 1905 827 1971 putati
852 1904 886 1953 ad
933 1905 978 1959 τοῦ
997 1903 1143 1982 χειμάρρου
1170 1901 1270 1977 ἕτοιμοι
1289 1907 1333 1960 τοῦ
1356 1902 1438 1960 iiheiu
1464 1901 1508 1961 tet
1529 1901 1559 1961 οδ
1578 1906 1615 1972 εἰς

281 2002 415 2053 tevenire
437 2001 469 2048 in
487 1996 633 2063 proelium.
656 1996 689 2044 El
712 1995 782 2043 abiit
804 1995 889 2055 ludas
933 1989 1060 2067 πολεμον.
1080 1989 1134 2050 Καὶ
1149 1989 1278 2068 ἐπορεύθη
1292 1989 1395 2056 Ἰούδας
1410 1992 1445 2058 el<
1458 1989 1612 2064 συνύντησιν

280 2092 387 2141 obuiam
414 2087 483 2138 illis.
519 2086 564 2136 lh.
595 2085 628 2133 Et
663 2085 703 2132 ait
733 2083 886 2131 timotheus
933 2079 1029 2136 αὐτῶν.
1049 2080 1099 2138 10.
1127 2077 1182 2143 Kui
1204 2069 1263 2138 εἷπε
1281 2079 1410 2156 Τιμόθεος
1435 2081 1487 2147 τοῖς
1502 2080 1612 2162 ἄρχουσι

278 2177 451 2244 principibus
481 2175 611 2224 exercitus
645 2173 687 2221 sui
713 2185 720 2220 :
746 2185 804 2220 oum
834 2184 885 2234 op·
932 2170 979 2236 τῆς
1001 2167 1136 2244 δυνάμεως
1159 2168 1240 2228 αὐτοῦ
1262 2171 1288 2228 ἐν
1312 2172 1350 2248 τῷ
1378 2168 1488 2245 ἐγγίζειν
1510 2167 1613 2228 Ἰούδαν

278 2265 505 2332 propinquaverit
529 2263 612 2312 ludas
635 2267 660 2309 et
680 2260 808 2309 coercitus
828 2260 885 2308 eius
931 2255 976 2312 uei
989 2255 1221 2336 τὴνπαρεμύολὴν
1240 2259 1319 2316 αὐτοῦ
1332 2255 1375 2316 ἐπὶ
1392 2256 1435 2314 τὸν
1450 2258 1612 2337 χειμάρρουν

280 2358 315 2404 ad
341 2359 485 2404 torrentem
509 2363 605 2413 oquae,
637 2350 662 2397 si
685 2349 827 2397 transierit
850 2348 885 2396 ad
931 2350 976 2402 τοῦ
991 2343 1094 2411 ύδατος·
1112 2343 1158 2403 ita
1175 2343 1255 2426 διαύῇ
1267 2345 1332 2423 πρὸς
1344 2349 1414 2422 ἡμᾶς
1428 2345 1564 2424 πρότερος,
1580 2347 1612 2406 ού

278 2459 328 2495 nos
341 2444 429 2508 prior,
440 2454 497 2490 nou
507 2441 654 2505 poltrimltt
668 2439 799 2486 sustinere
814 2450 882 2496 eum,
931 2433 1095 2509 δυνησόμεθα
1119 2437 1267 2505 ὑποστῆναι
1291 2434 1381 2505 αὐτὸν,
1405 2433 1445 2492 ὅτι
1465 2432 1610 2506 δυνάμενος

280 2533 345 2597 ruia
385 2538 478 2597 potens
512 2529 611 2593 poterit
650 2527 790 2576 adversum
819 2539 884 2583 nost
931 2521 1070 2602 δυνήσεται
1083 2521 1147 2602 πρὸς
1159 2526 1240 2596 ἡμᾶς.
1254 2527 1303 2582 tt.
1317 2521 1382 2584 Ἐὰν
1394 2521 1420 2580 δὲ
1435 2523 1546 2602 testati
1561 2525 1609 2580 καὶ

280 2622 323 2673 11.
339 2623 364 2670 si
385 2634 446 2670 oero
464 2618 584 2668 timuerit
608 2617 726 2665 transire
744 2622 769 2663 et
787 2627 884 2679 posue·
930 2611 1093 2691 παρεμὸάλη
1107 2610 1190 2690 πέραν
1204 2616 1251 2671 τοῦ
1266 2615 1398 2689 ποταμοῦ,
1414 2611 1609 2688 διαπερύσομεν

278 2713 316 2761 rit
343 2717 432 2759 rastro
451 2715 527 2757 extro
554 2707 660 2769 piamen,
680 2703 883 2767 transfretemus
912 2691 994 2779 ’πρὸς
1008 2700 1087 2759 αὐτὸν
1101 2701 1147 2758 καὶ
1162 2699 1328 2778 δυνησόμεθα
1340 2699 1404 2780 πρὸς
1418 2701 1509 2760 αὐτόν,

278 2801 314 2849 ad
328 2814 370 2849 eos
385 2805 409 2847 et
423 2798 569 2862 poterimus
583 2795 724 2845 adeersum
738 2793 829 2841 illum.

192 2949 196 2956 ι
314 2888 358 2938 li.
387 2892 420 2935 Ut
444 2891 533 2935 autem
550 2882 783 2947 appropinquarit
800 2881 882 2929 lesdas
969 2873 1018 2929 19..
1035 2867 1085 2935 Ὧς
1100 2867 1127 2948 δὲ
1142 2867 1250 2947 ἤγγισεν
1265 2867 1368 2936 Ἰούδας
1382 2868 1426 2926 ἐπὶ
1438 2867 1482 2927 τδν
1494 2866 1610 2947 χειμάρ-

277 2977 312 3025 od
344 2982 486 3026 torrentem
517 2984 613 3034 aquae,
648 2970 744 3019 statuit
779 2969 882 3018 scribas
930 2980 988 3036 ρουν
1005 2963 1050 3015 τοῦ
1065 2956 1169 3030 ὕδατος,
1191 2957 1287 3028 ἔστησε
1307 2962 1366 3024 τούς
1379 2961 1546 3036 γραμματεῖς
1559 2961 1605 3015 τοῦ

275 3065 372 3131 populi
390 3078 464 3114 serus
482 3065 626 3112 torrentem
643 3064 667 3107 et
685 3057 827 3107 mondavit
843 3058 881 3106 eis
928 3046 994 3105 λαοῦ
1008 3045 1051 3104 ἐπὶ
1066 3053 1112 3104 τοῦ
1131 3046 1280 3127 χειμάρρου
1300 3046 1346 3105 καὶ
1361 3045 1508 3106 terrenam
1523 3047 1610 3113 αὐτοῖς

276 3156 365 3203 dicens
386 3168 394 3202 .·
418 3152 551 3202 neminem
575 3148 711 3198 hominum
734 3144 880 3208 reliqueri-
928 3133 1021 3212 λέγων·
1036 3133 1074 3208 μὴ
1095 3138 1179 3214 ἀφῆτε
1200 3135 1287 3194 πάντα
1310 3133 1446 3214 ἄνθρωπον
1466 3132 1608 3212 παριμύα-

276 3245 310 3293 tis
340 3244 385 3292 sed
416 3242 528 3292 oeniout
558 3251 646 3287 omnes
674 3237 705 3286 in
735 3233 878 3300 proelium.
926 3224 992 3294 λιίν,
1018 3222 1078 3282 ἀλλ’
1102 3221 1270 3302 ἐρχέσθωσαν
1293 3224 1389 3290 πάντες
1410 3225 1446 3286 sl<
1469 3224 1514 3281 s'ou
1531 3220 1608 3282 πόλε-

277 3333 319 3383 13.
342 3333 376 3382 Et
401 3329 590 3394 transfretavit
613 3326 648 3375 ad
672 3324 736 3374 illos
753 3325 832 3388 prior
855 3329 880 3372 et
927 3335 986 3388 μον.
1004 3314 1052 3373 13.
1071 3310 1125 3372 Καὶ
1143 3311 1297 3392 διεπέρασεν
1312 3311 1355 3371 ἐπ’
1374 3311 1468 3380 αὐτούς
1480 3311 1608 3390 πρότερος

276 3423 364 3471 omnis
391 3418 507 3484 populus
529 3422 588 3481 post
613 3427 672 3463 eum
696 3420 721 3462 et
748 3413 878 3462 contritae
926 3399 971 3458 καὶ
984 3399 1144 3467 πᾶςδλαδς
1158 3399 1264 3460 ὄπισθεν
1280 3404 1370 3460 αὐτοῦ·
1387 3401 1432 3458 καὶ
1448 3399 1606 3478 συνετρύὸη-

274 3517 335 3559 suut
362 3521 450 3557 ornnes
481 3512 572 3568 pentes
597 3518 614 3553 a
645 3502 715 3566 [orie
739 3515 829 3551 eorum
854 3508 878 3549 et
926 3513 973 3546 σαν
992 3488 1044 3571 πρὶν
1063 3488 1204 3569 προσώπου
1224 3493 1304 3548 αὐτοῦ
1324 3491 1413 3548 πάντα
1433 3488 1466 3546 rit
1481 3487 1542 3560 ἔθνη
1559 3487 1605 3546 καὶ

273 3600 441 3662 proiecerunt
466 3608 543 3645 ormo
564 3607 614 3642 sua
642 3599 666 3641 et
691 3591 818 3654 iuuerunt
843 3590 878 3640 od
924 3576 1034 3657 ἔρριψαν
1057 3578 1090 3636 τὰ
1114 3580 1184 3638 ὅπλα
1208 3579 1295 3639 αὐτῶν
1322 3577 1366 3638 καὶ
1395 3578 1490 3658 ἔφυγον
1512 3579 1549 3642 εἰς
1572 3575 1603 3636 τὸ

274 3685 452 3754 sanumquod
476 3690 534 3734 erat
561 3684 592 3731 in
618 3681 758 3731 Carnoim.
780 3679 825 3729 tt.
844 3679 877 3728 lit
924 3668 1031 3742 τέμενος
1046 3671 1072 3726 ἐν
1091 3663 1220 3746 Καρναῒν.
1235 3672 1286 3729 lh.
1302 3665 1355 3726 het
1369 3665 1603 3745 προκατελύύοντο

273 3778 411 3843 occupavit
438 3777 526 3841 ipsam
558 3772 693 3822 civitatem
725 3775 750 3818 et
783 3767 878 3832 [anum
924 3755 972 3824 τὴν
988 3755 1064 3813 ποἋιν
1084 3755 1130 3814 καὶ
1147 3755 1177 3814 εδ
1196 3757 1303 3833 τέμενος
1323 3755 1479 3834 ἐνεπύρισαν
1495 3757 1521 3812 ἐν
1539 3752 1603 3835 πυρὶ

272 3868 405 3918 succendit
426 3866 487 3928 ipos*
510 3877 569 3911 oum
590 3857 776 3920 omnibusque·
799 3863 877 3906 erant
924 3843 971 3901 σὺν
996 3853 1062 3902 πᾶσι
1090 3853 1144 3910 τοῖς
1173 3849 1199 3904 ἐν
1228 3849 1312 3925 αὐτῷ·
1339 3843 1385 3904 καὶ
1419 3843 1556 3922 ἐτροπώθη
1585 3845 1601 3914 ἡ

196 3979 199 3981 “
271 3957 384 4020 inipso,
399 3961 424 4004 et
443 3963 572 4017 oppressa
586 3956 624 3998 est
640 3947 769 4000 carnaim
783 3954 807 3994 et
822 3959 878 3994 non
925 3931 1056 4011 Kupuuhr‘
1074 3932 1120 3993 καὶ
1132 3935 1179 3992 ούιι
1199 3935 1309 3994 ἐδύνατο
1321 3933 1359 3992 ἔτι
1374 3937 1522 4002 ὑποστῆναι
1534 3929 1607 3989 uarii

270 4045 358 4107 potuit
373 4044 503 4090 sustinere
518 4036 722 4100 contrafactum
737 4035 827 4083 iudae.
924 4022 1061 4100 πρόςωπον
1076 4021 1176 4084 Ἰούδα.

313 4166 446 4227 Interea
461 4158 655 4224 Timotheus
675 4175 812 4244 quoquo
832 4159 908 4241 post
928 4154 1063 4222 cladem
1081 4154 1176 4221 illam
1197 4155 1244 4246 (v.
1263 4155 1320 4243 st)
1336 4177 1407 4222 non
1426 4161 1499 4220 eret
1515 4153 1603 4220 otio-

268 4290 336 4336 sus.
353 4272 481 4334 lterum
497 4263 612 4353 copias
632 4281 844 4346 congregare
866 4261 998 4328 studuit
1015 4285 1048 4328 v.
1071 4268 1113 4328 37
1129 4268 1161 4328 et
1177 4284 1255 4330 oum
1282 4260 1324 4328 iis
1343 4264 1602 4328 castrametatus

268 4382 318 4442 est
338 4386 456 4442 contro
475 4371 591 4458 Roson
613 4383 706 4436 trans
729 4376 913 4433 torrentem
928 4367 952 4433 i.
971 4391 1000 4436 e.
1019 4371 1094 4437 ueri
1108 4375 1264 4457 reptantem
1280 4373 1358 4435 ante
1374 4369 1530 4457 Raphon,
1546 4389 1602 4433 er-

265 4485 348 4552 Raie
363 4482 408 4549 ad
422 4479 591 4548 orientem
605 4476 702 4544 Wadi
723 4473 897 4542 el-Ehreir
914 4473 970 4562 (af.
990 4479 1011 4540 Z
1031 4481 1055 4541 l)
1070 4461 1094 4541 1)
1109 4481 1134 4540 V
1152 4481 1178 4544 t.
1203 4483 1243 4542 13
1256 4499 1292 4565 p.
1310 4479 1389 4554 1983
1407 4473 1485 4540 vide
1500 4473 1601 4540 labu-

265 4589 335 4657 lam
348 4610 468 4676 geogr.
486 4584 652 4653 Dsehebel
671 4588 807 4649 Hauran
831 4584 893 4647 Be
918 4579 955 4646 in
983 4587 1007 4650 t.
1033 4581 1100 4669 12).
1120 4583 1244 4649 Urbem
1264 4582 1434 4671 Raphana
1457 4581 1599 4648 nomine

265 4696 393 4763 Plinius
407 4695 513 4785 (52¹⁸)
531 4693 622 4761 inter
637 4690 738 4760 urbes
752 4687 957 4777 Decapoleos
973 4695 1134 4756 recenset.
1153 4689 1255 4756 ludas
1270 4688 1361 4754 misit
1376 4711 1408 4754 v.
1429 4693 1471 4755 38
1487 4685 1599 4775 explo-

265 4805 393 4868 ratores
413 4823 476 4890 per
495 4821 579 4889 quos
602 4799 644 4866 do
664 4818 810 4864 numero
833 4801 866 4862 et
889 4794 1088 4863 conditione
1108 4795 1278 4864 exereitus
1293 4796 1418 4863 certior
1435 4793 1598 4860 reddere-
