3625 5367
286 302 343 358 196
787 296 816 351 l.
840 307 932 352 ulcu.
958 290 1115 360 romu-m.

283 449 449 531 maidam‚
474 453 507 513 et
533 446 667 512 duobus
688 443 842 529 regibus,
864 442 915 508 uti
938 439 1045 506 moris
1069 445 1118 505 est
1138 437 1231 528 apud
1253 439 1447 520 orientales,
1474 461 1620 508 munera

283 555 408 622 obtulit
424 576 562 634 aurum,
578 557 762 639 argentum
778 549 918 637 aliaque
930 545 1020 613 dona
1037 545 1145 612 multa
1162 545 1283 632 (multa
1295 547 1421 614 omittit
1436 547 1483 635 S),
1501 547 1620 614 simul-

283 684 350 751 que
363 661 612 729 amiciseorum
625 659 691 747 (gr.
710 662 749 736 S;
767 678 824 724 om
840 654 938 743 vulg)
956 655 981 720 i.
998 675 1028 720 e.
1046 651 1223 721 nobilibus
1242 652 1362 720 aulicis
1376 653 1620 721 familiaribus-

284 791 350 857 que
363 789 509 835 munera
521 767 669 852 largitus
682 771 743 845 est,
759 785 822 853 per
831 783 917 851 quos
930 759 1071 848 regibus
1086 757 1359 830 commendetur.
1373 765 1483 852 Atque
1499 783 1620 829 revera

283 896 362 941 curn
382 873 494 961 gratia
516 878 549 939 et
572 872 703 937 honore
724 875 882 959 receptus
904 872 964 934 cst.
984 871 1106 934 Verum
1127 889 1165 932 er
1184 866 1259 956 ipso
1281 867 1383 934 lsrael
1404 867 1500 935 triste
1519 867 1621 935 uobis

284 981 515 1070 spectaculum
543 979 683 1046 offertur
707 999 737 1042 v.
759 983 797 1042 61
824 996 831 1042 :
853 974 919 1041 viri
942 973 1059 1055 Belial,
1080 982 1181 1057 λειμοί
1201 973 1261 1062 (ita
1285 977 1365 1041 LXX
1391 981 1408 1042 1
1430 979 1520 1042 Sam.
1540 982 1620 1055 21⁸2

283 1087 374 1154 hebr
387 1086 452 1153 filii
467 1085 572 1153 Belial
587 1084 757 1163 reddunt3
775 1083 860 1148 item
880 1087 997 1162 1u,27;
1024 1087 1143 1162 25‚1r;
1162 1087 1263 1162 30,ta
1284 1081 1378 1170 cte),
1396 1080 1461 1149 viri
1481 1083 1619 1170 nequis-

284 1195 361 1260 simi
381 1216 419 1259 ex
435 1193 551 1273 lsrael,
569 1191 634 1257 viri
649 1193 827 1280 apostatae
845 1187 971 1274 alege,
987 1192 1152 1274 παράνομα
1175 1187 1257 1275 (legi
1274 1187 1450 1276 contrarii)
1472 1211 1619 1275 cougre-

286 1299 360 1386 gati
374 1305 454 1366 suut
468 1302 589 1366 contra
603 1319 683 1365 eum
700 1297 760 1386 (ἐπ’
777 1301 864 1363 aitte
880 1300 923 1376 A3
944 1293 1175 1361 communiter
1186 1302 1262 1382 πρὲς
1278 1333 1321 1343 -
1333 1295 1394 1362 sed
1403 1293 1490 1362 illud
1503 1297 1620 1386 requi·

285 1407 373 1472 ritur
391 1404 518 1492 sensu),
537 1411 574 1470 ut
602 1425 680 1470 eum
705 1408 907 1470 accusarent
931 1400 1024 1490 apud
1047 1421 1165 1486 regem
1193 1400 1250 1488 (cf.
1278 1407 1388 1489 7‚·25);
1413 1406 1449 1467 at
1476 1424 1535 1468 rex
1562 1425 1620 1469 eos

284 1512 387 1602 plene
407 1511 572 1598 neglexit.
598 1509 819 1577 Acontrario
848 1514 966 1575 autem
993 1528 1070 1574 cum
1102 1506 1273 1602 industria
1298 1508 1450 1576 studium
1475 1514 1621 1576 ostentat

284 1617 406 1686 eximio
429 1617 531 1686 modo
558 1615 755 1683 honorandi
774 1616 942 1683 lonathan
964 1636 996 1682 v.
1019 1620 1077 1696 6·2;
1098 1613 1197 1682 iubet
1217 1615 1310 1681 enim
1331 1613 1430 1683 indui
1450 1616 1619 1682 louathan

283 1747 440 1815 purpura
454 1746 605 1814 eumque
617 1724 713 1790 iuxta
726 1745 762 1790 se
776 1722 894 1790 sedere
910 1722 982 1790 vult
997 1727 1030 1788 ct
1047 1743 1109 1811 per
1127 1720 1301 1811 principes
1319 1743 1399 1789 cum
1416 1744 1479 1811 pcr
1496 1722 1618 1789 urbem

283 1829 435 1898 mediam
454 1830 665 1898 circumduci
685 1829 780 1896 iubet
802 1834 837 1896 ct
856 1827 1062 1918 praedicari,
1077 1849 1121 1894 nc
1141 1827 1218 1916 quis
1237 1827 1345 1894 ullam
1365 1827 1618 1896 accusationem

284 1937 327 2004 de
343 1959 561 2026 quacumque
583 1959 618 2002 re
635 1941 756 2002 contra
774 1934 875 2002 illum
889 1935 1054 2024 proferat,
1070 1955 1156 2001 neve
1176 1933 1254 2022 quis
1269 1933 1301 2001 ei
1317 1933 1510 2002 molestiam
1525 1942 1619 2003 creet

284 2049 427 2131 propter
447 2042 557 2111 ullam
580 2064 719 2108 causam
741 2064 774 2107 v.
791 2049 850 2120 633
873 2062 936 2130 per
956 2040 1106 2106 mediam
1121 2040 1243 2106 urbem
1260 2062 1431 2130 praecone
1446 2041 1617 2109 clamante

283 2147 566 2228 circumducitur,
593 2147 645 2215 uti
673 2147 795 2237 loseph
820 2148 917 2235 (Gen.
943 2147 1072 2235 t1‚l3)‚
1103 2145 1342 2216 Mardochaeus
1367 2147 1474 2236 (astu.
1503 2149 1614 2237 6,11);

283 2255 410 2345 quida
433 2254 604 2322 contrario
622 2254 657 2320 in
682 2253 912 2341 ignominiam
934 2253 1004 2334 fiat,
1027 2252 1106 2320 ride
1127 2260 1146 2318 2
1170 2255 1275 2320 flach.
1304 2261 1394 2336 6,38.
1421 2255 1613 2324 Calumnia-

282 2366 373 2429 tores
393 2367 425 2428 et
448 2368 662 2429 accusatores
686 2361 851 2460 lopathae
873 2360 938 2427 hac
960 2359 1101 2427 honoris
1125 2360 1337 2428 exhibitione
1360 2361 1490 2428 confusi
1505 2363 1616 2452 supe·

281 2479 364 2534 rum
379 2489 493 2534 omnes
507 2491 539 2534 v.
556 2471 610 2534 aa.

324 2573 429 2643 Porro
453 2573 659 2666 ampliorem
683 2574 853 2640 honorem
877 2573 910 2640 ei
931 2572 1077 2641 contulit
1102 2595 1158 2640 rex
1179 2597 1210 2641 v.
1235 2581 1292 2656 65;
1314 2596 1419 2664 quem
1441 2575 1511 2642 iam
1531 2585 1614 2662 pluer

279 2681 471 2749 nominarit
487 2687 521 2749 et
541 2680 729 2749 declaravit
748 2681 793 2770 (v.
812 2682 884 2766 20),
901 2701 981 2747 eum
998 2701 1091 2749 nuuc
1108 2685 1264 2748 accenset
1280 2681 1370 2748 iuter
1383 2681 1513 2772 primos
1527 2683 1614 2750 ami-

280 2811 355 2868 cos3
371 2809 451 2854 eum
465 2789 502 2854 iu
517 2788 631 2879 primo
644 2786 769 2854 ordine
784 2787 956 2853 nobilium
967 2809 1007 2854 ac
1022 2786 1249 2854 familiarium
1266 2789 1359 2875 regis
1374 2789 1566 2869 constituit;
1583 2790 1614 2857 ci

278 2894 418 2961 titulum
440 2899 474 2960 et
494 2894 698 2980 dignitatem
721 2891 818 2960 ducis
842 2892 986 2974 confert,
1009 2894 1070 2983 qui
1097 2915 1271 2960 summum
1296 2894 1401 2962 habet
1426 2895 1614 2986 imperium

279 3000 434 3082 militiae,
457 3007 635 3087 στρατηγὸς,
654 2999 759 3089 idque
781 2999 922 3066 nominc
942 3001 1035 3086 regis
1058 3006 1207 3082 exercet;
1233 3003 1337 3068 talem
1358 3008 1561 3093 potestatem
1583 3003 1615 3070 ei

279 3108 349 3173 iam
366 3105 461 3173 dedit
476 3107 666 3174 Demetrius
679 3107 726 3194 (v.
743 3106 791 3194 6),
807 3105 1002 3173 Alexander
1015 3128 1095 3172 eum
1111 3106 1249 3196 publice
1266 3131 1382 3176 coram
1399 3109 1561 3179 omnibus
1574 3110 1613 3178 in

278 3214 340 3282 tali
356 3213 524 3301 dignitate
542 3214 766 3281 constitutum
781 3212 923 3300 agnosci
942 3212 1031 3294 vult;
1052 3212 1203 3302 itemque
1219 3215 1397 3283 eumfacit
1414 3224 1610 3306 μεριδάρχην,

280 3323 340 3409 qui
362 3321 509 3388 alicuius
533 3320 640 3410 partis
659 3342 720 3388 seu
740 3319 940 3409 provinciae
963 3320 1062 3406 regni
1081 3320 1326 3407 gubernationi
1346 3327 1379 3389 el
1394 3323 1613 3392 administra-

280 3428 363 3495 tioni
390 3427 607 3519 praepositus
630 3432 690 3493 est.
715 3427 875 3494 louathas
894 3426 1010 3516 itaque
1032 3426 1212 3495 inminse
1239 3429 1418 3518 coniungit
1439 3453 1611 3500 summam

280 3539 482 3624 potestatem
504 3555 650 3614 sacram,
666 3555 842 3600 summurn
856 3533 1040 3624 imperium
1066 3535 1214 3602 militare
1234 3541 1267 3602 et
1288 3559 1459 3606 summam
1478 3540 1608 3626 guber-

277 3639 452 3708 nationem
468 3638 605 3707 civilem
620 3641 657 3706 iu
671 3663 713 3706 ea
727 3641 827 3727 regni
841 3662 906 3730 pro
912 3639 1033 3724 vincia,
1051 3641 1089 3708 iu
1105 3641 1230 3710 ludaea
1244 3643 1317 3712 scil.
1336 3649 1369 3712 et
1382 3652 1420 3712 ut
1434 3645 1471 3714 iu
1487 3646 1609 3714 ordine

276 3761 334 3815 τῶν
353 3751 478 3836 πρώτων
502 3757 592 3834 ptrue
609 3748 701 3834 regis
719 3746 915 3836 adscriptus
933 3768 1061 3834 magno
1076 3771 1215 3838 quoque
1233 3750 1351 3819 favore
1371 3753 1464 3841 regis
1484 3760 1518 3820 et
1533 3775 1611 3841 gra·

276 3853 323 3920 tia
339 3855 476 3922 fruitur.
496 3853 554 3920 llis
573 3851 764 3920 honoribus
782 3853 900 3942 itaque
915 3852 1101 3940 insignitus
1120 3861 1153 3922 et
1172 3857 1232 3924 tali
1251 3864 1419 3947 potestate
1440 3871 1473 3927 et
1492 3867 1610 3928 aucto-

275 3959 377 4027 ritate
403 3959 578 4049 praeditus
599 3981 778 4048 cumpace
799 3972 830 4026 et
856 3960 1004 4043 laetitio,
1021 3968 1114 4029 tutus
1133 3967 1166 4029 et
1183 3985 1323 4033 securus
1343 3967 1388 4034 ab
1407 3965 1556 4035 inimicis
1576 3977 1611 4036 et

275 4065 433 4150 gaudeus
449 4067 491 4132 de
507 4065 646 4132 bonnet
661 4087 828 4156 prospero
840 4089 996 4136 successu
1012 4091 1167 4136 reversus
1181 4076 1230 4138 cst
1245 4074 1431 4140 lcrusalem
1446 4097 1477 4142 v.
1496 4081 1549 4142 66.

425 4320 452 4376 9.
475 4314 625 4376 Ionollcau
644 4315 767 4418 dispiter
783 4336 932 4395 mucoso
953 4323 1052 4380 coebo
1074 4321 1260 4398 Apollonium
1285 4328 1434 4396 166766,
1464 4394 1468 4401 ¹
1509 4335 1510 4338 ’

312 4534 400 4595 tour.
419 4535 452 4583 lu
466 4547 539 4584 oneo
557 4536 697 4584 centesimo
717 4537 879 4598 sexagesimo
968 4534 1070 4605 10,ss7.
1090 4533 1145 4592 Καὶ
1164 4538 1190 4595 ἐν
1207 4535 1259 4596 ἔτει
1274 4537 1389 4620 πέμπτῳ
1409 4543 1454 4600 καὶ
1471 4541 1606 4612 {tancardi

273 4626 368 4688 pretato
391 4625 464 4673 cruit
488 4625 635 4673 Demetrius
658 4624 731 4689 fitius
753 4626 879 4676 Demetrii
927 4619 973 4677 καὶ
999 4624 1135 4703 ἑκατοστῷ
1163 4613 1226 4696 ἦλθε
1255 4627 1408 4708 Δημήτριος
1435 4631 1489 4698 υἱὸς
1510 4637 1607 4710 dupu-

273 4726 289 4760 o
306 4715 385 4762 creto
402 4713 431 4761 iu
451 4719 551 4762 terram
569 4721 679 4776 potrum
697 4728 815 4764 suerrum
834 4715 877 4767 68.
927 4707 999 4788 τρίου
1015 4711 1045 4769 ἐκ
1061 4714 1169 4792 Κρήτης
1185 4715 1222 4778 εἰς
1235 4719 1283 4788 τῆν
1298 4721 1348 4794 γῆν
1360 4721 1412 4778 τῶν
1425 4723 1547 4802 πατέρων
1557 4725 1606 4783 αὖ·
