3625 5367
253 332 312 391 tot
419 366 423 372 ·
766 330 795 387 l.
818 344 908 388 ulcu.
934 329 1074 400 attat.

251 503 323 548 non
339 479 439 558 seati3
459 477 648 544 sectandum
669 477 778 567 leqem
795 478 818 544 i.
838 501 867 546 a.
890 482 948 545 Ex.
963 483 1078 558 2035.
1097 481 1193 544 Deut.
1216 482 1307 556 27,6.
1334 476 1452 543 llirum
1471 481 1588 544 tamen

252 593 315 668 est,
332 607 394 652 aur
407 583 615 652 recurrerint
630 585 673 651 ad
689 585 794 651 talem
809 581 937 672 legam,
953 606 1023 676 qua
1034 583 1152 670 agitur
1171 583 1214 649 de
1229 582 1400 650 altaribus
1417 604 1505 672 quae
1523 583 1590 649 eri*

253 700 384 779 guntur
405 697 544 781 praeter
567 690 822 772 sanctuarium3
841 713 921 758 nam
948 713 1013 779 pro
1030 689 1223 756 sanctuario
1243 688 1312 755 alia
1326 695 1451 755 statuta
1466 695 1516 755 est
1535 687 1589 756 lox

253 804 310 865 Ex.
326 804 404 879 27,1
425 819 431 864 :
450 797 554 864 facies
567 797 674 863 altare
686 796 729 863 de
748 795 854 884 lignis
873 799 972 863 satim
990 800 1056 884 (Ex.
1074 796 1166 885 38,1)
1182 801 1214 861 et
1230 795 1266 860 in
1288 795 1417 884 templo
1438 796 1590 862 Salomo-

251 904 390 971 niserat
406 904 514 970 altare
530 925 677 970 aeneum
702 906 733 988 (θ
748 907 823 970 Par.
842 902 932 990 t,1);
951 909 1068 969 eratne
1082 903 1186 968 etiam
1203 900 1422 990 priusaltare
1438 901 1481 968 de
1500 901 1588 992 lapi-

253 1011 356 1078 dibus
374 1008 664 1099 impolitis‘lllsdr.
684 1016 741 1091 3,2
758 1010 868 1076 solum
887 1007 1266 1076 reterturaedifioatum
1281 1029 1351 1074 esse
1367 1007 1485 1076 altare.
1504 1013 1587 1075 ltem

253 1119 446 1183 instaurant
465 1115 650 1204 templum,
666 1119 701 1184 τὰ
717 1119 787 1204 ἅγια
803 1116 1036 1182 sanctuarium
1053 1125 1086 1182 et
1105 1121 1259 1182 sanctum
1275 1120 1470 1181 sanatorum
1490 1121 1539 1182 καὶ
1553 1116 1590 1182 τὰ

254 1231 336 1304 ἐντος
350 1240 400 1290 σου
422 1230 501 1290 σῖιισυ
518 1229 655 1311 atquae
672 1221 765 1289 intra
784 1223 954 1312 templum
970 1228 1070 1288 arant
1085 1223 1265 1310 :parietes
1283 1220 1395 1310 spatia
1406 1219 1586 1301 interiora,

254 1328 468 1418 pavimenta3
481 1328 574 1394 atria
588 1327 851 1416 sanctificarunt
863 1335 1078 1394 removentes
1090 1327 1281 1408 immunda,
1300 1328 1406 1393 sacris
1423 1325 1589 1393 caerimo-

254 1435 333 1514 niis,
349 1433 490 1500 fortasse
505 1454 596 1522 aqna
613 1434 818 1523 expiationis
838 1434 900 1500 illa
912 1440 1152 1501 consecrantes
1169 1433 1225 1521 (af.
1241 1437 1340 1500 Nam.
1365 1439 1492 1520 19,13).

299 1540 353 1605 Uti
368 1561 473 1628 supra
485 1543 666 1607 narratum
686 1545 737 1606 est
758 1546 849 1625 133,
871 1540 1056 1608 Antiochus
1074 1563 1133 1607 rex
1145 1545 1267 1607 cuncta
1282 1538 1427 1606 abstulit
1441 1561 1521 1606 vasa
1534 1560 1589 1605 sa-

255 1667 330 1730 ara;
347 1667 455 1734 quare
470 1669 503 1711 ν.
527 1653 568 1714 ts
584 1668 675 1712 nova
687 1653 786 1713 erant
798 1647 1020 1737 procuranda
1040 1669 1131 1727 vasa,
1148 1646 1302 1735 phialae,
1323 1645 1494 1726 libatoria,
1513 1645 1591 1712 thu-

256 1752 408 1819 ribulum
425 1757 489 1819 eto.
512 1752 775 1834 candelabrum,
787 1753 895 1820 altare
920 1753 1169 1842 thymiamatis,
1185 1774 1303 1819 mensa
1318 1774 1446 1842 panum
1462 1774 1590 1842 propo·

255 1857 403 1939 sitionis;
424 1881 513 1947 qnae
529 1858 647 1925 omnia
670 1860 736 1926 rite
754 1860 792 1926 in
819 1860 950 1950 templo
971 1859 1140 1926 collocata
1159 1864 1252 1926 sunt.
1275 1859 1323 1926 Ad
1341 1859 1471 1926 uultum
1494 1859 1591 1926 rasti-

256 1963 424 2030 tuendum
453 1964 591 2051 singula
618 1966 834 2054 parabantur
860 1990 891 2032 v.
912 1974 966 2046 50,
991 1968 1025 2031 in
1051 1966 1152 2032 altari
1177 1975 1335 2049 ἐθυμίασαν
1366 1966 1592 2034 odoramenta

256 2068 498 2149 incenderunt,
530 2069 691 2138 lucernas
725 2071 968 2153 accenderunt,
997 2094 1103 2160 panes
1123 2069 1369 2161 propositionis
1398 2071 1591 2138 intulerunt

257 2197 290 2242 v.
309 2180 364 2255 51,
382 2175 458 2241 vela
473 2183 552 2242 ante
574 2184 731 2244 sanatum
743 2182 940 2245 sanatorum
961 2183 995 2244 et
1011 2183 1089 2244 ante
1105 2183 1262 2246 sanctum
1275 2177 1530 2267 appenderunt.
1546 2181 1593 2244 Eo

259 2281 360 2347 modo
387 2283 455 2348 iam
482 2288 615 2361 cunata,
633 2305 723 2372 quae
744 2284 1023 2373 requirebantur,
1045 2289 1144 2350 erant
1168 2283 1349 2373 praestita;
1370 2285 1591 2374 perfecerunt

258 2388 373 2454 omnia
389 2410 493 2476 opera
512 2411 600 2477 quae
615 2390 769 2476 aggressi
784 2395 883 2457 arant
893 2390 1064 2458 facienda.
1082 2395 1172 2467 Quae
1187 2397 1303 2458 tamon
1315 2391 1482 2457 sententia
1495 2389 1591 2456 haud

257 2493 448 2580 incongrue
473 2493 565 2561 trahi
589 2500 701 2585 potest
721 2495 765 2563 ad
787 2496 979 2585 sequentia,
996 2496 1096 2586 quasi
1116 2496 1210 2563 dicas
1235 2509 1444 2586 :postquam
1468 2499 1591 2562 cunata

259 2609 541 2668 consummarunt
559 2623 665 2690 opera
686 2625 775 2692 quae
801 2603 967 2686 fecerant,
988 2627 1020 2670 v.
1039 2611 1081 2671 ὅθ
1106 2610 1183 2670 ante
1208 2603 1416 2670 matutinum
1438 2625 1590 2670 surrexe-

259 2713 339 2773 runt
353 2713 418 2773 ote.
431 2707 569 2774 Shabet
580 2708 690 2775 solum
707 2730 715 2775 ε
731 2715 766 2775 at
776 2710 995 2798 perfecerunt
1009 2709 1126 2776 omnia
1145 2732 1251 2799 opera
1265 2732 1345 2791 sua;
1362 2731 1378 2775 s
1392 2709 1442 2776 uti
1452 2731 1588 2795 graece.

304 2816 343 2878 ln
361 2836 394 2879 v.
411 2819 453 2880 50
467 2817 514 2879 Ss
531 2836 600 2879 non
615 2814 777 2903 ridentur
790 2816 914 2901 legisse
926 2823 1097 2900 ἐθυμίασαν,
1120 2815 1179 2882 sed
1195 2826 1317 2902 thaam,
1333 2837 1415 2883 nam
1433 2821 1466 2881 S:
1486 2822 1520 2882 et
1538 2837 1592 2883 sa-

260 2918 458 2986 crificarunt
473 2941 576 3008 super
591 2919 698 2986 altare
715 2921 816 3000 (tant)
839 2928 900 2988 ets
918 2943 925 2989 :
944 2927 978 2988 et
996 2923 1153 2988 fecerunt
1174 2921 1359 2990 ascendere
1374 2944 1512 2989 carnem
1535 2944 1592 2988 su-

261 3047 323 3114 per
335 3026 443 3092 altare
457 3025 494 3114 (i.
517 3048 547 3092 e.
570 3025 799 3114 obtulerunt).

698 3235 727 3293 υ.
749 3231 893 3292 matam
907 3233 1159 3312 temptatas-61.

299 3409 373 3471 l,52.
402 3411 435 3459 Et
464 3417 526 3460 aatc
553 3413 717 3462 matutinam
744 3425 870 3462 surress-
957 3403 1036 3474 l,h'2.
1057 3400 1112 3461 Kal
1128 3401 1260 3482 ὤρθρισαν
1282 3401 1312 3460 rh
1333 3398 1404 3480 πρωῒ
1425 3405 1458 3478 τῇ
1482 3399 1593 3479 πέμπτῃ

263 3505 327 3546 runt
356 3500 453 3560 quitata
483 3507 508 3548 et
541 3500 671 3562 vicesima
699 3500 743 3550 die
770 3503 869 3551 mensis
916 3490 961 3548 καὶ
976 3491 1062 3548 εἰκάδι
1073 3495 1121 3550 τοῦ
1134 3489 1216 3567 μηνὸς
1233 3490 1412 3558 enatantem,
1425 3481 1594 3564 οὗτοςθμήν

261 3587 329 3635 ουτοι·
350 3584 401 3651 (hic
421 3593 459 3636 eat
483 3589 579 3637 tarasia
606 3586 712 3654 casleu)
734 3591 870 3640 centesimi
917 3581 1050 3654 Χαστλεῦ,
1071 3584 1116 3638 τοῦ
1136 3581 1228 3658 ὀγδόου
1247 3578 1294 3637 καλ
1311 3582 1526 3656 τεσσαρακοοτοῦ
1549 3577 1594 3636 καλ

266 3675 466 3738 ρυοθσορσσίοιι·
491 3678 578 3727 octavi
603 3679 686 3737 anat,·
712 3677 756 3728 53.
776 3685 801 3728 et
823 3679 869 3728 ob·
916 3669 1060 3727 ἑκατοστοῦ
1094 3667 1178 3735 ἔτους·
1212 3669 1261 3730 53.
1297 3667 1343 3727 καὶ
1371 3667 1519 3746 ἀνήνεγκαν
1545 3671 1592 3725 θυ-

265 3764 384 3814 aterum
421 3766 583 3830 sacrificium
614 3767 757 3816 secandam
788 3766 871 3829 leuem
917 3753 975 3814 σίαν
1001 3753 1070 3815 κατὰ
1094 3757 1139 3816 τὸν
1166 3755 1245 3834 νόμον
1271 3757 1315 3814 ἐπὶ
1342 3755 1373 3815 τὸ
1391 3755 1593 3842 Ιθυσιαστήριον

265 3867 345 3918 saper
386 3853 472 3903 attare
515 3854 729 3903 holocaustorum
761 3868 868 3912 nocam,
915 3848 967 3902 τῶν
988 3844 1216 3924 ὁλοκαυτωμάτων
1240 3845 1271 3904 τὸ
1295 3843 1419 3904 κοιινθνθ
1448 3843 1591 3914 ἐποίησαν.

266 3941 335 4001 qaod
349 3941 477 4003 fecerant.
501 3941 545 3991 st.
562 3943 711 3991 Secundam
730 3949 870 4007 temptaret
916 3937 964 3992 54.
987 3933 1064 3992 Κατὰ
1087 3934 1131 3992 τὸν
1155 3936 1246 4016 καιρὸν
1270 3934 1316 3993 καὶ
1331 3933 1400 3992 κατὰ
1422 3931 1472 4004 τὴν
1490 3932 1592 4010 ἡμέραν

265 4029 408 4077 secundam
433 4030 503 4078 diem
532 4031 562 4078 ιἰι
590 4044 643 4093 qua
669 4032 869 4081 contaminare·
916 4025 942 4079 ἐν
966 4012 985 4100 ᾖ
1010 4021 1181 4094 ἕθεθήλιυσαν
1205 4025 1270 4083 αὐτὸ
1296 4022 1329 4081 ait
1357 4023 1430 4094 ἔθνη,
1454 4024 1480 4079 ἐν
1508 4021 1593 4100 ἐκείνῃ

264 4121 328 4164 ruat
351 4115 424 4164 illud
450 4122 550 4179 pentae,
573 4119 603 4167 ι’τι
627 4119 688 4182 ipsa
713 4127 870 4169 renovatam
917 4109 1080 4184 ἔνεκαινίσθη
1107 4112 1134 4170 ἐν
1157 4112 1238 4192 ᾠδαῖς
1264 4111 1310 4170 καὶ
1333 4113 1454 4191 κιθάραις
1482 4111 1527 4169 καὶ
1552 4133 1595 4168 κι-

264 4212 302 4253 est
326 4204 357 4252 ia
385 4206 499 4254 canticis
525 4213 549 4253 et
577 4206 692 4255 citharis
718 4212 742 4255 et
766 4209 869 4271 cinaris
915 4197 1005 4276 νθραις
1029 4196 1075 4257 καλ
1100 4201 1127 4258 ἐν
1157 4191 1313 4277 raptatae,
1337 4203 1385 4262 55·
1416 4199 1471 4260 Kal
1498 4198 1594 4258 ἔπεσον

264 4299 288 4342 ct
311 4293 343 4341 ia
361 4293 501 4356 cymbalis.
529 4296 574 4344 55.
604 4295 637 4343 Et
666 4295 759 4344 cecidit
783 4299 870 4346 omnis
916 4295 967 4353 πᾶς
987 4291 1000 4345 θ
1018 4287 1140 4355 λαθςθττλ
1166 4290 1309 4368 πρόσωπον
1328 4288 1373 4348 καὶ
1394 4289 1595 4368 προσεκύνησαν

257 4382 379 4447 ‘populas
393 4385 425 4432 in
439 4383 535 4448 sociem
553 4390 576 4432 et
589 4383 771 4434 adoraverant
786 4392 811 4435 et
825 4386 869 4434 he·
916 4375 961 4434 καὶ
987 4377 1133 4456 εὐλόγησαν
1162 4381 1200 4445 εἰς
1227 4377 1336 4458 οὐρανὸν
1360 4379 1404 4436 τθν
1427 4377 1594 4438 εθοδώσαντα

262 4473 423 4522 mulserunt
446 4473 476 4522 ia
499 4473 599 4523 coetum
620 4487 679 4522 eum
695 4475 742 4536 qai
761 4488 869 4539 prospe·
916 4467 1011 4532 αὐτοῖς.
1037 4467 1086 4527 56.
1112 4467 1167 4527 Kal
1195 4467 1322 4539 ἐποίησαν
1349 4466 1394 4525 τὸν
1414 4462 1593 4544 ’ἐγκαινισμὸν

263 4561 335 4610 ravit
351 4563 399 4612 eis.
421 4561 465 4612 56.
486 4562 519 4611 Et
539 4562 658 4626 fecerunt
676 4563 869 4613 dedicationem
917 4559 964 4612 τοῦ
988 4559 1176 4636 θυσιαστηρίου
1197 4556 1299 4634 ἡμέρας
1319 4553 1390 4614 ὀκτὼ
1423 4557 1468 4613 καὶ
1492 4552 1594 4636 apomi-

263 4649 357 4698 altarr'a
379 4652 473 4700 dietas
497 4659 554 4701 octo
574 4658 598 4701 et
618 4643 772 4702 obtulerant
792 4653 867 4702 holo·
914 4665 1010 4720 νεγκαν
1036 4643 1249 4720 ὁλοκαυτώματα
1276 4647 1335 4720 μετ’
1361 4644 1521 4725 εὐφροσύνης
1548 4641 1594 4700 καὶ

262 4744 354 4786 causta
376 4753 433 4788 cam
459 4739 566 4789 laetitia
593 4747 619 4789 ct
642 4740 803 4805 sacrificlam
821 4756 868 4791 sa·
914 4730 1009 4792 ἔθυσαν
1020 4735 1111 4794 θυσίαν
1126 4733 1259 4814 σωτηρίου
1269 4733 1314 4792 καὶ
1330 4734 1465 4800 αἰνέσεως.
1478 4735 1527 4794 57.
1539 4729 1593 4794 Kal
