3625 5367
648 372 649 375 ’
732 369 759 425 1.
785 384 877 429 neon.
904 369 1042 441 tho-43.
1332 371 1334 374 ’
1511 373 1568 435 57,

218 534 352 596 rorum3
372 537 389 582 e
407 520 527 583 contra
542 538 605 606 pro
617 514 734 583 sobole
749 520 783 583 et
800 516 1025 602 generatione
1043 539 1105 585 sua
1118 518 1209 584 faeta
1223 523 1275 586 est
1290 530 1408 586 eutero
1424 518 1551 589 aliena.
1595 541 1599 548 ’

217 628 257 691 Et
281 623 364 711 qnia
387 622 437 712 pii
458 621 648 700 israelitae,
670 624 705 691 τὰ
726 630 940 708 etesnasberg,
963 623 1084 690 urbem
1103 624 1337 714 reliquerunt,
1359 626 1404 692 ad
1423 632 1553 693 ceteras

216 729 431 796 calamitates
454 727 539 794 iilud
568 728 753 796 maximum
777 727 909 797 aceedit
930 751 963 796 v.
992 735 1030 795 bt
1054 729 1224 820 templum
1244 730 1418 799 desertum
1439 739 1491 799 est
1513 739 1553 800 ut

217 835 409 917 desertum
427 834 500 902 dies
514 836 591 902 testi
604 834 673 902 iam
688 835 760 902 solo
773 835 867 904 luein
880 840 914 903 et
929 836 1099 904 moestitia
1115 838 1173 924 agi
1186 842 1348 927 possunt;
1362 841 1405 906 ei.
1425 845 1500 906 hm.
1516 846 1549 920 8,
1618 898 1621 901 ,

221 948 274 1009 ib.
291 941 372 1009 Tob.
391 948 466 1025 n,6;
483 941 628 1008 sabbata
642 940 729 1008 fiunt
745 941 986 1030 profanatione
1001 947 1035 1009 et
1048 942 1207 1010 irrisione
1225 945 1499 1031 alienigenarum
1514 946 1553 1013 in

219 1049 449 1138 opprobrium,
468 1053 502 1115 et
519 1052 589 1115 tota
607 1048 718 1135 gloria
736 1048 832 1115 urbis
850 1053 988 1115 sanotae
1008 1049 1144 1137 penitus
1159 1042 1323 1117 exstincta
1343 1058 1409 1131 est;
1427 1054 1471 1119 et.
1489 1057 1549 1119 La·

218 1162 324 1221 ment.
342 1160 397 1235 1,6
412 1176 568 1241 egressus
580 1161 629 1221 est
644 1154 750 1222 afilia
765 1154 844 1221 Sion
861 1155 973 1222 omnis
984 1155 1087 1221 decor
1098 1157 1182 1223 eius.
1195 1161 1235 1223 nt
1249 1179 1281 1225 v.
1297 1163 1338 1224 θθ
1351 1180 1420 1247 quo
1436 1160 1549 1245 magis

215 1267 316 1328 antea
333 1261 502 1328 honorata
522 1267 607 1341 erat,
624 1283 664 1327 eo
679 1260 795 1350 peiore
809 1260 1005 1346 ignominia
1018 1283 1112 1329 nuno
1125 1263 1215 1329 iacet
1229 1270 1418 1352 prostrata;
1436 1264 1545 1331 subli-

214 1366 317 1435 mitas
333 1368 405 1434 eins
421 1389 583 1434 conversa
601 1382 650 1433 est
667 1366 705 1433 r'n
721 1366 863 1451 laertem,
880 1367 952 1434 Sin
967 1367 1238 1457 depressionem,
1255 1370 1305 1436 uti
1325 1375 1367 1436 bb
1384 1374 1426 1451 εἰς
1443 1380 1544 1441 rarsi·
1589 1394 1592 1399 ·

213 1502 310 1543 rnatu.

571 1675 598 1731 4.
612 1670 702 1749 Rapis
716 1670 839 1731 nh'einm
852 1670 887 1731 de
899 1670 1036 1749 reh'psbne
1052 1676 1184 1745 1‚43-5o.

253 1859 325 1921 int.
348 1861 382 1911 Et
399 1862 508 1925 scripsit
522 1874 568 1910 ree
586 1862 732 1912 Antiochus
749 1862 821 1911 omni
909 1860 992 1930 isti.
1020 1855 1074 1917 Καὶ
1095 1858 1209 1939 ἔγραψεν
1237 1862 1251 1916 ὁ
1273 1857 1397 1937 βασιλεὺς
1420 1860 1547 1939 πάσῃτῇ

213 1962 368 2011 rep-nosne,
390 1956 418 1999 ut
434 1958 501 2000 esset
516 1951 602 2014 omnis
622 1951 738 2015 populns
753 1964 821 2000 nnus
868 1946 991 2026 βασιλεία
1014 1947 1095 2005 αὐτοῦ
1121 1937 1190 2005 εἶναι
1216 1947 1317 2015 πάντας
1343 1951 1378 2014 είς
1401 1947 1464 2007 λαὸν
1488 1946 1546 2018 ἕνα,

215 2044 238 2086 et
254 2037 417 2102 relinqueret
434 2040 615 2103 unusquisque
633 2039 716 2102 tepent
733 2052 818 2089 suam.
866 2036 915 2095 42.
937 2034 983 2093 καὶ
1003 2036 1191 2112 ἐγκαταλιπεῖν
1206 2035 1319 2095 ίκαστον
1334 2037 1369 2095 τὰ
1383 2036 1483 2114 νόμιμα
1500 2038 1550 2096 αὖ·

214 2126 258 2176 ii.
273 2126 306 2175 Et
321 2134 509 2176 consenserunt
522 2140 610 2177 omnes
622 2136 712 2191 pentes
727 2141 819 2178 seeun-
866 2128 923 2182 τοῦ.
943 2124 997 2182 Καὶ
1020 2121 1161 2192 ἐπεδέξατο
1181 2126 1269 2184 πάντα
1283 2126 1316 2183 τά
1336 2123 1397 2199 ἔθνη
1419 2125 1489 2183 κατά
1505 2126 1549 2184 τθν

214 2214 395 2265 αιιιιιοατθιιιιι
407 2217 479 2279 repis
489 2217 627 2267 Antiochi.
638 2220 684 2269 45.
698 2218 730 2267 Et
741 2217 820 2267 multi
865 2210 941 2291 λόγον
966 2215 1014 2270 τοῦ
1037 2213 1179 2290 βασιλέως.
1205 2216 1253 2274 43.
1288 2213 1346 2279 Καὶ
1375 2215 1469 2273 πολλοὶ
1497 2214 1549 2272 ἀπὸ

214 2317 245 2351 αα
263 2303 349 2353 israel
368 2312 556 2355 consenserunt
577 2307 702 2356 seruituti
721 2308 778 2357 eius
795 2313 820 2356 et
866 2298 978 2379 Ἰσραὴλ
1005 2300 1151 2373 εὖδύκησαν
1183 2306 1216 2380 τῇ
1248 2303 1359 2382 λατρεία
1393 2306 1473 2362 αὐτοῦ
1501 2303 1546 2362 καὶ

214 2392 435 2456 sacrificaverunt
461 2392 545 2443 idolis
573 2402 596 2443 et
626 2395 819 2457 coinquinave-
864 2388 962 2448 ἔθυσαν
976 2394 1030 2457 τοῖς
1044 2390 1163 2456 εἰδώλοις
1182 2390 1228 2450 καὶ
1243 2390 1415 2462 ἔθεθήλιοσαν
1430 2393 1460 2450 τὸ
1474 2392 1545 2452 eta-

213 2487 277 2529 runt
294 2481 445 2532 sabbatum.
463 2482 506 2532 46.
527 2482 560 2532 Et
576 2484 650 2534 misit
669 2498 716 2535 res
737 2482 819 2534 libros
865 2474 956 2539 ὅατον.
975 2481 1024 2539 44.
1042 2478 1097 2537 Καὶ
1112 2479 1268 2539 ἀπέστειλεν
1288 2480 1440 2557 θβασιλεθς
1456 2481 1546 2558 βιθλία

211 2583 260 2633 per
283 2583 378 2619 manns
398 2572 555 2622 nuntiorum
576 2574 606 2621 in
628 2572 774 2623 Ierusalem
795 2578 819 2621 et
865 2568 890 2623 ἐν
912 2566 983 2644 χειρὶ
1011 2566 1132 2641 ἀγγέλων
1158 2570 1195 2633 εἷς
1218 2566 1399 2644 Ἰερουσαλὴμ
1431 2571 1474 2626 καὶ
1498 2568 1546 2632 τὰς

213 2658 245 2707 in
258 2672 346 2707 omnes
364 2661 487 2710 ciuitates
503 2662 580 2722 iude,
598 2668 626 2711 nt
648 2667 819 2724 sequerentur
864 2654 954 2721 πόλεις
972 2653 1060 2715 Ἰούδα
1077 2658 1237 2735 πορευθῆναι
1256 2656 1343 2715 ὀπίσω
1359 2658 1479 2731 νομίμων
1495 2657 1546 2713 άλ-

214 2746 284 2809 iepes
298 2750 419 2811 peruium
433 2756 530 2809 terroe,
548 2749 591 2810 47,
608 2756 633 2799 et
646 2749 819 2814 prohiberent
865 2742 976 2821 λοτρίων
992 2748 1041 2815 τῆς
1060 2747 1119 2821 γῆς,
1137 2748 1187 2805 45.
1204 2743 1251 2803 καὶ
1265 2746 1385 2803 κωλῦσαι
1399 2745 1548 2803 θλοκαυτιίι·

215 2834 371 2887 hoiocansta
389 2844 414 2886 et
436 2840 572 2904 sacrificia
598 2848 622 2888 et
644 2838 812 2904 placationes
865 2854 939 2906 ματα
949 2832 994 2890 καὶ
1008 2832 1101 2891 θυσίαν
1116 2832 1161 2893 καὶ
1173 2832 1289 2904 σπονδὴν
1304 2836 1334 2892 ἐκ
1347 2838 1393 2892 τοῦ
1408 2834 1547 2911 ἁγιάσμα-

213 2924 273 2989 fieri
297 2926 328 2974 in
349 2926 447 2989 tempto
466 2928 523 2987 Dei,
548 2928 625 2978 thet
645 2928 818 2993 prohiberent
864 2942 920 2996 τος,
940 2920 986 2979 καὶ
1007 2921 1162 2999 praeheret
1181 2921 1308 2982 σάύθατα
1325 2922 1372 2980 καὶ
1388 2922 1480 3000 ἑορτὰς
1496 2926 1543 2983 tn.

213 3010 345 3063 celebrari
360 3013 502 3066 sabbatum
512 3023 537 3065 et
551 3017 607 3066 dies
618 3017 755 3077 solemnes,
774 3016 816 3065 49.
864 3008 911 3066 καὶ
936 3017 1031 3084 μιᾶναι
1055 3010 1178 3088 ἁγίασμα
1203 3011 1249 3069 καὶ
1275 3011 1375 3091 ἁγίους,
1403 3015 1452 3073 47.
1476 3014 1549 3072 οἰκο-

213 3108 237 3150 αι
252 3103 331 3151 iusst't
352 3105 527 3167 coinquinari
541 3111 635 3154 saneta
654 3112 678 3154 et
697 3112 818 3155 sonetum
864 3098 980 3172 δομῆσαι
999 3098 1105 3176 βωμοὺς
1121 3100 1167 3159 καὶ
1189 3098 1288 3175 τεμένη
1302 3099 1349 3159 καὶ
1366 3102 1486 3159 εἷδιολεῖα
1501 3101 1548 3162 καί

210 3190 341 3255 poputum
359 3192 455 3253 hraet,
477 3192 522 3245 50.
543 3201 566 3243 et
581 3196 661 3244 iussit
678 3194 818 3259 aedificari
863 3186 933 3244 θύειν
953 3186 1012 3244 ὕεια
1031 3189 1077 3245 καὶ
1099 3187 1183 3259 κτήνη
1202 3187 1289 3259 κοινὰ,
1313 3191 1363 3249 48.
1383 3189 1429 3248 καὶ
1444 3191 1547 3270 ἀφιέναι

211 3292 274 3329 aras
290 3288 314 3330 et
326 3281 427 3346 templa
441 3289 465 3332 et
479 3282 555 3332 idota
569 3289 593 3332 et
608 3283 745 3333 immolari
759 3296 816 3332 aar·
861 3273 921 3339 τοὺς
934 3272 1006 3341 υἱοὺς
1025 3277 1113 3334 αὐτῶν
1133 3278 1339 3354 άπεριτμήτους,
1362 3274 1485 3355 βδελύξαι
1499 3278 1545 3345 τὰς

210 3382 257 3419 net
275 3368 374 3420 suillas
393 3378 417 3420 et
436 3384 532 3435 pecora
550 3372 709 3433 eommunia,
728 3373 770 3422 51.
791 3378 815 3419 et
861 3361 948 3451 ψμχθις
966 3364 1053 3421 αὐτῶν
1065 3367 1092 3421 ἐν
1105 3365 1184 3422 παντὶ
1197 3365 1340 3445 ἀκαθάρτῳ
1357 3366 1402 3422 καὶ
1418 3364 1540 3444 βεθηλώ·

210 3456 363 3521 reiiuqnere
391 3458 462 3524 filios
484 3474 544 3511 suos
570 3462 767 3511 incircumcisos
790 3468 815 3510 et
860 3472 910 3521 σει,
935 3453 984 3511 49.
1019 3449 1084 3519 ὥςτε
1112 3454 1283 3513 ἐπιλαθέσθαι
1307 3458 1354 3512 τοῦ
1382 3453 1463 3529 νόμον
1494 3458 1541 3513 καὶ

209 3548 383 3609 coinquinari
400 3550 507 3598 animus
526 3562 617 3600 eornm
640 3552 671 3599 ιἰι
693 3549 815 3600 omnibns
861 3538 973 3607 ἀλλάξαι
985 3540 1073 3599 πάντα
1086 3540 1121 3599 τά
1137 3542 1317 3617 δικαιώματα.
1333 3546 1383 3603 50.
1400 3536 1455 3602 Καὶ
1466 3541 1493 3610 ὃς
1508 3544 1539 3603 ἂν

209 3636 356 3685 immundis
385 3644 409 3686 et
438 3636 686 3688 abominationibus
716 3639 757 3688 ita
784 3645 814 3687 nt
860 3626 897 3702 μὴ
917 3626 1016 3707 ποιήσῃ
1036 3628 1106 3687 κατά
1124 3630 1154 3688 τὸ
1174 3633 1247 3710 ῥῆμα
1261 3636 1307 3691 τοῦ
1327 3632 1458 3709 βασιλέως
1472 3636 1539 3693 άπο·

210 3723 432 3775 obliniseerentnr
468 3725 550 3790 iepem
582 3733 609 3775 et
642 3728 813 3777 immutarent
859 3718 986 3777 θανεῖται.

209 3826 296 3863 omnes
319 3815 528 3880 iustificationes
549 3816 604 3865 Dei.
628 3817 670 3867 52.
696 3817 730 3867 Et
751 3818 813 3880 qni·

209 3914 319 3966 cumque
337 3916 392 3952 non
411 3903 534 3967 fecissent
548 3905 690 3955 seeundum
704 3905 813 3957 uerbum

208 3992 278 4053 repis
292 3992 428 4052 Antiochi,
448 4000 621 4043 morerentur.

243 4078 284 4130 53.
299 4080 448 4129 Secundum
462 4082 554 4131 omnia
568 4082 650 4132 aerbo
665 4082 728 4133 haee
743 4084 813 4133 sori·
898 4076 948 4132 51.
979 4072 1058 4134 Κατὰ
1092 4072 1194 4141 πάντας
1225 4072 1285 4141 τοὺς
1307 4074 1400 4151 λόγους
1430 4074 1534 4142 τούτους

205 4168 259 4231 psit
274 4169 348 4217 omni
361 4182 444 4231 repno
459 4184 506 4219 sno
523 4178 548 4220 et
562 4172 720 4235 praeposuit
735 4173 812 4237 prin·
857 4160 956 4242 ἔγραψε
971 4163 1045 4241 πάση
1064 4164 1097 4241 τῇ
1120 4165 1242 4243 βασιλείᾳ
1256 4163 1337 4223 αὐτοῦ
1352 4164 1397 4223 καὶ
1413 4164 1534 4235 ἐποίησεν

203 4258 273 4321 cipes
288 4257 389 4322 populo
405 4260 451 4320 qni
468 4259 531 4309 haee
547 4261 607 4324 fieri
620 4268 750 4324 caperent,
766 4261 810 4313 5⁴.
857 4250 1070 4317 interemerint
1083 4251 1171 4309 πάντα
1185 4251 1229 4310 τὸν
1243 4253 1318 4311 λαόν·
1332 4254 1377 4311 καὶ
1387 4255 1534 4312 ἐνιτειλατο

202 4352 226 4395 et
242 4347 379 4396 iusserunt
391 4347 549 4398 ciuitatibus
563 4348 634 4398 indu
647 4350 809 4415 sacrificare·
856 4346 913 4407 ταῖς
926 4338 1033 4399 πολεσιν
1051 4338 1138 4400 Ἰούδα
1158 4341 1289 4409 θυσιάζειν
1309 4341 1378 4399 κατά
1396 4344 1472 4401 πολιν
1488 4340 1535 4400 καὶ

211 4434 254 4485 55.
267 4436 301 4485 Et
320 4438 476 4507 conprepoti
496 4444 559 4487 sunt
574 4437 653 4488 mutti
667 4438 698 4488 de
711 4440 811 4504 populo
856 4428 944 4488 πόλιν.
961 4432 1011 4489 52.
1026 4428 1081 4489 hat
1098 4431 1324 4510 συνηθροίσθησαν
1344 4430 1397 4487 άπὸ
1409 4434 1457 4487 τοῦ
1470 4431 1534 4488 λαοῦ

208 4523 243 4572 aa
262 4538 304 4574 eoa
324 4526 371 4587 qui
389 4525 590 4588 dereliquerant
607 4526 689 4590 iepem
706 4529 812 4579 Domini
856 4520 921 4596 πρὸς
941 4515 1035 4584 αὐτούς
1058 4518 1163 4589 πολλοὶ,
1186 4528 1239 4583 πᾶς
1260 4523 1274 4577 b
1294 4516 1478 4595 ἐγκαταλιπὼν
1491 4516 1536 4576 τὸν

206 4618 230 4661 et
254 4612 373 4676 fererant
392 4613 466 4663 matu
486 4629 567 4680 super
589 4622 698 4676 terram,
720 4617 763 4667 56.
787 4624 810 4668 et
856 4606 948 4683 νόμον,
965 4606 1011 4664 καὶ
1032 4604 1245 4677 insinuaretur&
1264 4607 1291 4663 ἐν
1308 4610 1341 4684 τῇ
1360 4610 1406 4687 γῇ,
1424 4610 1472 4667 53.
1490 4605 1535 4665 καὶ

204 4700 396 4766 effugaverunt
413 4704 544 4767 poputum
558 4704 644 4754 irruet
661 4706 692 4753 iu
711 4706 811 4756 abditis
857 4693 943 4753 ἔθεντο
960 4695 1005 4753 τὸν
1023 4694 1136 4775 Ἰσραὴλ
1150 4696 1176 4753 ἐν
1189 4693 1296 4774 κρύφοις
1311 4696 1338 4752 ἐν
1356 4694 1437 4754 παντὶ
1452 4719 1536 4775 φυγα-

205 4796 229 4839 αι
245 4791 276 4839 in
290 4790 456 4841 absconditis
470 4791 648 4857 supitioornm
666 4792 739 4846 iocis.
856 4782 985 4865 θευτηρίῳ
997 4784 1094 4842 αὐτῶν.
