3625 5367
266 342 327 402 aro
502 304 504 307 ⁵
769 337 797 395 r.
822 353 916 397 nien.
942 337 1097 408 ripa-ar.

231 500 233 504 ’
267 491 382 560 abacis
398 491 638 579 imponuntur3
659 510 785 556 aureae
800 486 1048 576 suppellectilis
1062 508 1139 552 usus
1159 487 1221 554 uni
1237 487 1311 574 regi
1327 488 1381 554 vel
1401 489 1454 570 iis,
1473 490 1600 579 quibus

267 621 333 688 per
347 618 462 683 regem
484 596 622 674 licebat,
639 594 938 674 concedebatur»;
958 593 1114 682 exempla
1133 595 1228 660 varia
1245 594 1344 660 affert
1363 598 1447 685 Lep.
1463 601 1507 662 De
1518 621 1600 686 pur-
1639 595 1642 600 ’

267 727 356 794 pura
376 704 453 770 ride
480 709 599 781 tuam
622 702 666 768 de
690 701 800 767 fibula
823 722 928 767 aurea
966 707 1080 782 10,89.
1103 706 1245 790 lnsuper
1267 701 1454 769 Antiochus
1473 726 1530 770 rex
1550 705 1600 770 Si-

267 833 404 878 monem
426 809 604 876 constituit
630 820 808 896 στρατηγὲν,
825 807 947 874 ducem
968 830 989 873 a
1010 807 1106 873 scula
1133 809 1313 894 Tyriorum
1339 811 1362 876 i.
1392 832 1422 876 e.
1443 833 1463 876 a
1483 819 1598 877 monte

264 917 346 996 alto,
365 917 424 1006 qui
439 915 718 1004 septemtrionem
738 936 854 981 versus
869 918 1005 981 centum
1022 913 1141 980 stadiis
1155 913 1261 980 distat
1275 938 1296 980 a
1310 915 1520 983 Ptolemaide
1530 917 1599 1005 (lo-

262 1025 399 1113 sephus,
431 1022 513 1088 Bell.
546 1023 618 1088 iud.
647 1028 778 1104 2102,
806 1019 910 1087 hodie
934 1026 1001 1088 Ras
1033 1019 1255 1087 en-Nahurah
1281 1021 1360 1110 (lh),
1382 1029 1402 1089 S
1425 1045 1445 1089 a
1469 1023 1597 1091 finibus

257 1131 353 1218 Tyri3
378 1153 484 1219 usquc
499 1128 547 1195 acl
560 1131 647 1218 fines
666 1128 819 1217 Aegypti
837 1128 862 1193 i.
885 1150 916 1194 e.
941 1150 1047 1217 usque
1069 1127 1112 1194 ad
1136 1129 1281 1195 ssuvium
1304 1129 1464 1218 Aegypti,
1486 1131 1595 1216 Wady

259 1237 292 1304 el
309 1238 420 1316 Arish,
436 1259 544 1326 prope
564 1235 857 1303 Rhinohoruram.

302 1345 459 1410 lonathas
478 1347 593 1409 autem
611 1342 878 1431 perambulabat
902 1354 996 1408 trans
1012 1342 1146 1430 fiuntcc
1163 1341 1186 1407 i.
1207 1331 1237 1408 e.
1254 1342 1455 1422 Iordanem3
1474 1343 1510 1409 in
1533 1347 1593 1410 Pe·

256 1472 338 1516 raea
352 1455 385 1515 et
403 1450 439 1515 in
462 1448 658 1536 civitatibus
677 1453 910 1514 commoratus
929 1447 966 1513 id
985 1435 1124 1534 agebat,
1147 1458 1185 1512 ut
1203 1471 1321 1515 omnes
1341 1449 1457 1539 copias
1477 1450 1591 1537 Syrias

255 1579 339 1646 quas
356 1556 546 1623 Demetrius
561 1554 738 1622 dimiserat
756 1553 823 1621 sibi
843 1553 1092 1621 insacietatem
1113 1553 1196 1643 belli
1213 1553 1421 1641 adiungeret
1436 1579 1466 1624 v.
1481 1563 1534 1623 60.
1548 1559 1591 1624 lis

253 1663 404 1730 collectis
418 1685 458 1729 ex
473 1664 631 1728 universa
643 1661 836 1728 Palaestina
853 1661 1106 1750 expeditionem
1126 1661 1275 1751 suscepit
1288 1662 1452 1730 adversus
1466 1664 1590 1730 Philis-

252 1771 381 1851 thaeos,
400 1771 458 1858 qui
478 1768 562 1836 olim
578 1790 717 1857 quoque
738 1790 758 1834 a
776 1767 934 1856 partibus
946 1767 1108 1833 Demetrii
1122 1775 1287 1835 steterant
1304 1769 1361 1855 (cf.
1384 1777 1496 1848 10:15.
1516 1771 1586 1858 78).

253 1875 466 1942 Ascalonitae
483 1875 625 1964 quidem
641 1897 710 1940 non
724 1873 938 1955 resistebant,
955 1874 1026 1956 sed,
1044 1875 1094 1940 uti
1109 1881 1209 1940 antea
1227 1880 1338 1956 10,SD‚
1354 1897 1432 1942 cum
1447 1877 1587 1942 honori-

252 1981 314 2048 fice
340 1988 571 2070 susceperunt.
594 1986 637 2048 At-
660 1985 829 2066 Gazenses
851 1983 1030 2047 ἀπέκλεισαν
1054 1981 1282 2061 excluserunt,
1305 1982 1377 2048 scil.
1406 2004 1497 2064 eum,
1520 2005 1589 2050 non

251 2086 529 2154 intromittebant
541 2087 737 2163 lonatham3
761 2108 776 2150 s
793 2085 991 2175 clauserunt
1011 2091 1127 2175 portas
1144 2087 1207 2153 filii
1225 2087 1338 2166 urbis;
1357 2089 1587 2157 Sclauserunt

252 2200 330 2261 ante
351 2215 441 2261 eum.
461 2199 570 2271 Quare
595 2192 716 2258 urbem
737 2191 917 2258 obsidione
941 2193 1048 2258 cinxit
1067 2199 1101 2259 et
1120 2193 1192 2261 eius
1211 2195 1411 2262 suburbana
1430 2196 1510 2283 igne
1533 2197 1587 2263 in-

252 2301 366 2368 cendit
385 2307 418 2365 et
443 2299 612 2366 militibus
632 2298 677 2365 ad
699 2298 862 2388 praedam
884 2299 1089 2387 capiendam
1110 2300 1279 2388 permisit.
1304 2303 1399 2368 Hisce
1424 2308 1587 2370 Gazenses

252 2408 296 2473 ad
315 2428 434 2496 pacem
449 2405 632 2495 petendam
657 2404 791 2471 inducti
810 2409 899 2486 sunt,
917 2427 1021 2494 quam
1045 2405 1092 2472 eis
1116 2406 1196 2472 data
1219 2405 1336 2473 dextra
1357 2408 1522 2476 concessit
1540 2410 1587 2476 si-

250 2513 323 2580 rnul
335 2513 514 2602 postulatis
529 2513 622 2602 pacis
637 2511 828 2592 obsidibus,
845 2511 924 2578 filiis
940 2512 1012 2578 scil.
1029 2511 1198 2582 nobilium
1220 2513 1377 2602 (graeco;
1393 2514 1477 2582 item
1492 2521 1524 2597 S,
1541 2511 1583 2603 ὲ),

251 2643 336 2710 quos
354 2622 391 2686 in
407 2620 593 2686 Ierusalem
606 2618 707 2686 misit.
728 2618 811 2684 Dein
826 2619 1002 2705 regionem
1023 2641 1128 2707 usquc
1146 2625 1347 2687 Damascum
1359 2622 1583 2711 peragrabat,

251 2734 288 2792 ut
307 2729 379 2792 scil.
397 2749 471 2800 eam
497 2732 713 2793 constantem
733 2725 907 2814 lidamquc
931 2726 1097 2792 Antiocho
1121 2727 1252 2792 faceret
1271 2733 1304 2794 et
1327 2727 1437 2816 siqui
1460 2728 1586 2795 milites

252 2837 283 2915 (a
308 2832 475 2898 Demetrio
498 2831 646 2918 dimissi)
670 2831 721 2897 ibi
743 2832 977 2920 reperirentur
1001 2853 1056 2897 eos
1077 2831 1144 2898 sihi
1167 2833 1373 2918 adiungeret
1398 2834 1453 2921 (cl.
1473 2834 1582 2902 Culm.

251 2940 365 3025 Lupa).
390 2944 520 3004 lnterea
534 2938 566 3004 ei
587 2937 729 3003 affertur
748 2937 890 3003 nuntius
911 2936 1014 3004 duces
1029 2938 1193 3005 Demetrii
1213 2941 1398 3028 perrexisse
1420 2943 1457 3006 in
1479 2941 1586 3008 Gades

251 3045 433 3124 Galilaeae,
448 3043 565 3132 ibique
584 3040 701 3108 adesse
719 3063 798 3108 cum
814 3043 950 3127 magnis
965 3043 1071 3132 copiis
1089 3081 1129 3094 —
1144 3051 1194 3110 est
1208 3046 1314 3112 Gades
1328 3045 1388 3113 illa
1404 3047 1487 3114 olim
1503 3047 1586 3114 urbs

251 3151 434 3217 levitarum
449 3149 487 3215 in
504 3148 593 3215 tribu
615 3148 811 3236 Nephthali,
833 3149 869 3213 iu
885 3154 1013 3229 monte,
1036 3171 1152 3217 versus
1171 3149 1453 3242 septemtrionem
1474 3161 1508 3221 et
1527 3177 1585 3221 oc-

251 3279 366 3326 casum
382 3280 401 3324 a
416 3261 541 3322 hierom
553 3295 597 3304 -
609 3255 755 3343 illosque
775 3253 812 3321 id
831 3256 1036 3336 machinari,
1056 3263 1094 3324 ut
1108 3279 1143 3323 se
1160 3280 1180 3325 a
1196 3259 1336 3345 negotio
1355 3268 1582 3342 removerent,

250 3364 324 3432 scil.
339 3386 382 3430 ne
408 3364 568 3430 lonathas
591 3371 752 3452 pergeret
776 3361 953 3447 regionem
978 3363 1147 3430 Antiocho
1169 3366 1245 3450 regi
1267 3366 1466 3452 subiugare.
1483 3373 1581 3434 lona-

250 3473 327 3538 thas
342 3491 420 3536 cum
439 3469 551 3535 ilhs
526 3490 625 3555 signa
645 3467 802 3534 conferre
819 3467 949 3536 statur
925 3470 1033 3536 tSed
1052 3469 1132 3536 dum
1152 3472 1195 3537 ad
1216 3473 1301 3538 eosi
1289 3477 1355 3540 iter
1304 3473 1507 3594 tdirexit,
1530 3475 1581 3540 Si·

253 3599 390 3644 monem
410 3577 551 3642 tratrem
568 3575 736 3665 reliquit
728 3596 764 3640 1n
778 3575 919 3655 ludaea;
943 3599 975 3642 v,
994 3583 1047 3643 DA.

295 3685 414 3750 Simon
437 3689 566 3762 autem,
585 3682 668 3749 dum
687 3681 847 3748 lonathas
867 3681 1000 3748 bellum
1017 3684 1122 3748 movit
1142 3688 1262 3750 contra
1283 3657 1389 3752 duces
1409 3688 1580 3770 Demetrii,

253 3793 452 3858 Dethsuram
468 3809 582 3856 arcem
602 3786 735 3854 obsedit
757 3793 790 3853 et
807 3789 886 3854 satis
900 3787 963 3854 diu
978 3793 1099 3855 contra
1120 3812 1195 3856 eam
1217 3790 1373 3880 undique
1387 3791 1534 3860 cinctam
1550 3800 1584 3859 et

250 3898 446 3965 conclusam
471 3894 651 3985 pugnavit.
669 3898 762 3960 Hanc
779 3893 870 3960 enim
889 3916 1003 3961 arcem
1026 3895 1215 3964 Antiochus
1238 3903 1388 3986 Eupator
1408 3921 1584 3989 expugna-

253 4011 347 4069 verat
364 4003 486 4091 (6,50)‚
497 4023 643 4090 eamque
662 4003 858 4090 muniverat
873 4001 1063 4068 Demetrius
1079 4008 1090 4069 l
1109 4003 1215 4092 (9,52)
1232 4026 1379 4093 eamque
1395 4007 1470 4092 Syri
1487 4029 1582 4072 occu·

249 4110 379 4198 pabant
392 4108 538 4175 asseclae
554 4107 726 4174 Demetrii.
745 4107 862 4174 Simon
877 4107 1015 4174 tandem
1032 4131 1089 4175 cos
1106 4109 1221 4196 adegit
1232 4115 1271 4178 ut
1289 4115 1448 4200 peterent
1462 4134 1582 4200 pacem

247 4240 279 4283 v.
302 4221 360 4297 66;
381 4215 478 4282 iussit
498 4219 601 4301 Syros
621 4213 783 4281 recedere
806 4213 849 4281 ab
869 4236 960 4294 arce,
978 4216 1012 4281 in
1036 4237 1104 4304 qua
1127 4215 1202 4305 ipse
1221 4218 1334 4305 posuit
1355 4215 1577 4307 praesidium.

247 4330 296 4390 lta
311 4346 372 4390 arr
384 4323 482 4390 fortis
497 4323 533 4388 in
548 4319 769 4388 meridionali
779 4325 879 4410 parte
893 4320 1039 4388 ludaeae
1053 4321 1088 4387 in
1101 4327 1306 4411 potestatem
1324 4326 1419 4391 venit
1438 4325 1580 4392 ludaeo-

247 4454 336 4497 rum.

290 4537 560 4627 Insequentibus
577 4559 608 4603 v.
626 4540 669 4602 67
684 4557 755 4623 seq.
773 4539 936 4601 narratur
950 4533 986 4600 id
1007 4534 1100 4623 quod
1116 4558 1147 4603 v.
1165 4544 1220 4604 63.
1239 4543 1278 4605 66
1296 4536 1474 4627 inceptum
1491 4543 1576 4620 erat,

245 4645 320 4711 scil.
345 4644 518 4734 quomodo
547 4643 708 4710 lonathas
732 4639 922 4707 occurrerit
943 4639 1090 4709 ducibus
1111 4643 1282 4710 Demetrii.
1305 4649 1391 4712 Dum
1413 4643 1578 4712 adversus

244 4749 322 4816 illos
338 4751 623 4839 proficisceretur,
638 4748 712 4837 ipse
727 4752 762 4814 et
784 4746 952 4814 exercitus
966 4747 1040 4814 eius
1055 4755 1165 4815 castra
1181 4756 1368 4839 posuerunt
1383 4749 1432 4818 ad
1449 4772 1577 4841 aquam
