3625 5367
240 303 298 360 2⁴6
769 300 799 360 l.
821 313 913 360 usca.
938 299 1096 371 tato-tt.

243 450 333 539 (vide
347 450 390 515 ad
411 450 536 529 lana).
554 452 595 515 At
614 448 754 515 fortasse
775 448 915 516 nuntius
928 469 987 524 eos
998 469 1070 516 esse
1085 454 1241 537 receptos
1255 450 1367 539 potuit
1381 450 1431 518 ita
1443 449 1572 532 afferri,

242 562 279 622 ut
300 556 384 622 haec
402 554 609 643 significatio
630 555 769 622 honoris
783 577 846 645 pro
864 555 1003 622 Simone
1021 555 1160 623 tabulae
1175 555 1438 638 inscriberetur3
1456 555 1575 623 tabula

242 663 317 752 ipsa
337 663 477 730 fortasse
499 663 602 729 etiam
629 682 701 728 non
724 663 836 729 statim
861 666 912 728 est
934 661 1055 729 incisa.
1083 662 1178 728 Unde
1201 683 1268 728 non
1290 683 1375 750 opus
1398 662 1465 729 erit
1485 662 1575 729 hanc

243 774 377 857 partem
392 768 435 835 ad
449 769 607 858 spurium
625 767 801 858 quoddam
817 767 1092 836 additamentum
1110 767 1270 849 reiicarc;
1286 768 1391 858 idque
1408 791 1448 834 eo
1461 768 1576 834 minus

244 876 324 965 quia
336 875 373 942 id
392 875 491 949 facile
510 881 628 965 postea
641 897 779 964 quoque
794 875 885 942 inter
904 874 1024 943 laudes
1040 875 1188 941 Simonis
1204 879 1294 941 certe
1309 876 1421 964 potuit
1440 875 1573 955 relerri,

244 1005 354 1072 neque
373 982 522 1071 supponi
541 987 677 1071 poterat
700 981 773 1048 lore
794 988 832 1049 ut
855 987 1027 1048 taceretur
1048 982 1120 1049 eius
1136 981 1266 1069 legatos
1287 1003 1307 1046 a
1327 981 1490 1049 Romanis
1505 1002 1576 1047 esse

245 1111 320 1156 cum
345 1090 474 1154 honore
499 1093 685 1178 susceptos.
714 1088 779 1154 Sed
805 1087 936 1155 clarum
962 1094 1012 1155 est
1040 1088 1077 1155 id
1100 1109 1171 1155 non
1194 1086 1342 1177 potuisse
1364 1089 1577 1155 innotescere

243 1197 425 1276 Demetrio,
453 1195 513 1284 qui
544 1195 722 1283 epistolam
756 1193 851 1261 dedit
883 1194 928 1261 ad
960 1194 1132 1262 Simonem
1160 1215 1252 1261 anno
1288 1199 1364 1275 170,
1391 1197 1577 1283 antequam

245 1301 350 1388 legati
375 1303 604 1369 mitterentur.
629 1305 669 1369 ln
696 1300 814 1368 tabula
844 1305 960 1367 antem
984 1300 1101 1368 omnia
1123 1300 1225 1368 simul
1248 1304 1576 1380 commemorantur,

246 1407 327 1496 quia
355 1407 389 1472 id
418 1428 524 1474 unum
548 1406 780 1496 spectabatur,
798 1412 835 1472 ut
860 1408 972 1474 honor
1000 1406 1131 1473 Simoni
1154 1407 1198 1473 ab
1221 1407 1370 1473 externis
1395 1407 1578 1494 praestitus

244 1513 510 1599 significaretur.
529 1512 621 1579 Sicut
638 1535 724 1599 ergo
744 1514 848 1580 ctiam
869 1514 907 1580 in
925 1513 1004 1580 aliis
1023 1512 1231 1603 quibusdam
1255 1509 1472 1580 recensendis
1493 1511 1578 1578 ordo

244 1642 372 1701 rerum,
393 1642 465 1686 non
482 1619 649 1710 temporis
663 1620 767 1687 series
781 1620 1014 1710 spectabatur,
1031 1619 1080 1687 ita
1095 1620 1152 1686 hic
1172 1642 1309 1710 quoque
1324 1619 1360 1686 id
1378 1640 1486 1686 unum
1501 1617 1579 1685 effe·

245 1727 386 1794 rebatur
400 1727 547 1814 gloriam
566 1725 712 1794 Simonis
726 1726 770 1793 ad
788 1734 946 1795 externos
967 1726 1070 1794 etiam
1085 1727 1255 1816 perlatam
1277 1733 1311 1793 et
1328 1727 1480 1813 agnitam
1496 1747 1577 1793 esse.

290 1838 328 1899 ln
343 1833 633 1922 subsequentibus
650 1838 899 1902 enumerantur
919 1855 1007 1923 quae
1028 1833 1146 1901 ludaei
1165 1833 1392 1920 decreverunt
1410 1831 1453 1900 ad
1470 1831 1580 1900 Simo-

244 1961 324 2006 nem
345 1938 601 2006 honorandum.
626 1942 749 2006 Omnes
769 1943 873 2006 testes
897 1940 980 2028 (uno
1003 1947 1059 2006 71.
1085 1941 1238 2030 excepto)
1264 1940 1426 2008 exhibent
1450 1947 1497 2007 καὶ
1522 1944 1577 2018 ὅτι,

245 2045 343 2135 quasi
362 2047 468 2111 etiam
489 2044 667 2135 sequentia
688 2046 901 2112 referrentur
927 2045 1024 2112 adv.
1047 2051 1088 2113 l0
1108 2053 1252 2132 ἠκούσθη,
1278 2046 1314 2113 id
1334 2045 1425 2138 quod
1446 2044 1580 2112 admitti

244 2149 382 2241 nequit3
398 2149 551 2242 alioquin
568 2172 657 2241 quae
671 2150 859 2242 praecipua
877 2152 1007 2219 suntin
1021 2152 1214 2220 bonoribus
1228 2152 1359 2220 Simoni
1373 2151 1516 2219 decretis
1537 2151 1579 2218 ad

245 2279 420 2327 rumorem
440 2258 617 2348 quendam
635 2257 889 2345 redigerentur.
912 2262 1028 2349 Neque
1047 2265 1091 2328 ὅτι
1111 2259 1205 2349 quod
1225 2264 1347 2326 vocant
1363 2257 1579 2326 recitativum

245 2389 286 2431 eo
306 2365 380 2432 loeo
399 2365 550 2451 intelligi
565 2369 696 2454 potest;
713 2365 776 2431 erit
794 2365 902 2452 igitur
921 2363 1108 2433 delendum
1128 2367 1227 2456 quasi
1245 2372 1420 2433 retentum
1434 2387 1475 2432 ex
1494 2365 1580 2432 osci-

244 2472 355 2539 tantia
379 2471 531 2562 quadam
557 2473 820 2540 amanuensium
847 2477 882 2538 et
908 2472 1093 2562 repetitum
1118 2473 1162 2540 ob
1188 2473 1256 2541 duo
1286 2473 1347 2540 illa
1373 2479 1417 2542 tu
1444 2477 1579 2539 antece-

244 2579 373 2647 dentia.
400 2582 634 2647 Decreverunt
655 2579 772 2669 itaque
797 2584 830 2645 et
851 2577 1005 2668 populus
1024 2585 1058 2647 et
1083 2580 1279 2647 sacerdotes
1302 2579 1393 2666 (laici
1415 2585 1449 2646 et
1471 2599 1581 2646 sacer-

245 2687 367 2774 dotes),
388 2689 425 2751 ut
447 2686 566 2752 Simon
586 2686 628 2751 sit
648 2696 815 2772 ήγούμενος
837 2685 917 2770 dux,
939 2685 1101 2776 princeps
1119 2687 1153 2752 in
1176 2687 1280 2753 rebus
1303 2684 1466 2775 profanis,
1484 2685 1521 2751 in
1542 2707 1580 2751 re

246 2791 387 2858 militari
410 2797 443 2857 et
469 2791 575 2873 civili,
603 2795 642 2858 et
664 2794 822 2880 ἀρχιερεύς
847 2792 883 2857 io
912 2803 1103 2875 aeternum,
1128 2798 1165 2858 ut
1191 2798 1336 2881 utraque
1365 2790 1516 2879 dignitas
1547 2797 1581 2858 et

246 2901 395 2986 potestas
416 2895 525 2962 civilis
546 2919 586 2962 ac
611 2918 710 2963 sacra
732 2897 808 2963 iuro
832 2897 1036 2964 hereditatis
1057 2904 1276 2987 permaneret
1295 2898 1332 2965 iu
1355 2899 1428 2965 eius
1450 2897 1579 2964 familia

247 3010 279 3068 et
297 3003 415 3090 stirpe,
434 3000 539 3067 donee
558 3015 679 3090 surque
695 3000 865 3091 propbeta
879 3002 996 3089 fidelis
1016 3004 1072 3072 cui
1088 3005 1281 3091 legitimam
1304 3004 1544 3072 auctoritatem
1560 3025 1580 3070 a

247 3116 313 3174 [teo
334 3089 551 3175 commissam
575 3127 646 3174 esse
667 3113 849 3191 constaret,
876 3108 932 3177 cui
952 3109 1070 3200 itaque
1090 3115 1267 3202 tamquam
1291 3111 1480 3202 prophetae
1499 3131 1580 3177 vere

246 3238 265 3282 a
285 3220 351 3281 Deo
369 3214 470 3281 misso
488 3234 566 3281 cum
588 3214 682 3281 omui
701 3214 882 3283 securitate
901 3215 1008 3283 fidero
1026 3225 1177 3308 possent.
1196 3217 1370 3296 Quomodo
1386 3239 1486 3285 verus
1501 3238 1580 3306 pro-

244 3323 348 3412 pheta
371 3321 534 3408 cognosci
564 3324 684 3409 possit,
706 3321 903 3390 declaratur
923 3328 1019 3391 Dent.
1044 3329 1157 3406 1821.
1180 3332 1235 3391 22.
1259 3330 1405 3413 Utraque
1430 3328 1579 3413 potestas

245 3436 277 3496 et
300 3427 409 3494 civilis
431 3434 466 3494 et
490 3425 651 3514 religiosa
677 3429 714 3494 in
743 3450 850 3497 unum
876 3432 1039 3497 translata
1065 3435 1129 3508 est3
1157 3437 1192 3497 at
1215 3453 1298 3499 num
1326 3433 1442 3498 recte?
1464 3450 1578 3496 nonne

245 3532 366 3600 [laridi
380 3534 523 3600 thronus
541 3539 699 3600 aeternus
714 3536 899 3623 promissus
914 3542 1000 3617 erat,
1018 3537 1104 3603 sicut
1121 3538 1195 3626 ipse
1212 3537 1413 3604 tlatbathias
1429 3535 1579 3602 moriens

246 3641 415 3730 professus
435 3645 486 3708 est
500 3641 606 3730 (ψ)
623 3649 656 3707 et
671 3641 758 3708 sicut
775 3642 812 3706 in
835 3645 928 3710 textu
955 3641 1053 3710 hebr.
1077 3643 1165 3710 Eccli
1185 3643 1315 3730 legitur
1337 3666 1344 3712 :
1366 3642 1507 3711 laudate
1527 3643 1579 3708 la-

245 3750 390 3814 cientem
417 3746 614 3835 germinare
648 3770 755 3815 cornu
784 3747 889 3814 David
916 3749 1063 3836 (51‚1r);
1081 3755 1113 3816 et
1138 3749 1213 3839 ipsa
1244 3749 1369 3816 summi
1395 3747 1578 3817 sacerdotii

246 3855 423 3922 translatio
437 3855 473 3920 in
485 3853 651 3921 familiam
671 3853 784 3921 loarib
800 3876 914 3921 nonne
932 3855 1101 3922 contraria
1118 3877 1187 3922 esse
1206 3858 1341 3924 videtur
1359 3855 1578 3945 promissioni

245 3961 296 4026 illi
318 3963 351 4027 in
374 3967 465 4026 textu
484 3959 586 4026 bebr.
609 3961 698 4027 Eocli
719 3979 727 4028 :
751 3960 888 4028 laudate
909 3960 1094 4048 eligentem
1120 3963 1211 4029 inter
1233 3963 1322 4029 lilios
1343 3963 1452 4030 Sadoo
1469 3961 1582 4029 sacer?

245 4067 384 4131 dotem?
403 4065 497 4130 Unde
517 4071 601 4148 erat,
616 4088 678 4132 cur
693 4067 816 4133 merito
832 4066 1069 4151 decernerent,
1088 4073 1124 4135 nt
1143 4090 1252 4136 novus
1270 4069 1333 4136 iste
1353 4091 1468 4137 rerum
1491 4067 1577 4135 ordo

245 4172 356 4239 solum
376 4171 586 4255 consisteret,
602 4171 710 4239 donec
729 4174 898 4263 propheta
920 4174 1096 4261 legitimus
1114 4177 1253 4243 nomine
1273 4177 1332 4243 Dei
1352 4173 1578 4243 declaraverit

244 4277 328 4368 quid
341 4300 380 4344 ex
392 4277 569 4345 voluntate
587 4280 646 4345 Dei
659 4278 774 4346 stabili
789 4281 922 4348 ratione
939 4281 1171 4349 ordinandum
1188 4283 1241 4350 sit.
1258 4288 1360 4350 lstum
1372 4282 1576 4372 prophetam

244 4385 379 4474 fidelem
402 4407 474 4452 non
497 4385 649 4474 intelligi
671 4384 783 4477 ipsum
805 4389 954 4455 Messiam
971 4387 1087 4478 (quem
1108 4394 1238 4456 veteres
1257 4411 1357 4480 saepe
1382 4388 1577 4456 existimant

245 4493 430 4582 designari)
454 4497 549 4581 patet
566 4493 636 4560 iam
662 4515 701 4560 ex
719 4500 816 4575 t‚a6;
835 4500 927 4575 ΜΤ.
945 4498 1012 4561 lloc
1035 4517 1117 4562 vero
1136 4497 1247 4562 elucet
1272 4517 1406 4585 semper
1425 4496 1575 4583 viguisse

243 4598 529 4689 exspectationem
551 4601 623 4667 lore
645 4604 683 4666 ut
700 4606 787 4668 ltcus
800 4599 900 4667 sicuti
916 4600 1000 4666 olim
1019 4603 1199 4671 etiamtum
1212 4602 1349 4670 suscitet
1369 4603 1574 4692 prophetam

242 4705 429 4774 secundum
442 4705 704 4796 promissionem
724 4713 820 4774 Dent.
842 4713 941 4790 18,15
956 4729 1028 4797 seq.
