3625 5367
279 385 339 445 242

243 542 252 614 ζ
284 549 327 599 31.
344 548 377 595 Et
397 545 539 595 votuerunt
557 544 663 593 inimici
677 557 769 618 porum
787 543 890 592 entrare

288 652 320 694 et·
333 652 445 694 atterere
469 644 602 706 reptonem
626 642 745 706 ipsorum
760 648 783 689 et
799 648 889 690 esten-

271 716 351 794 'dere
370 756 465 792 manus
484 743 515 789 in
533 747 626 790 saneta
640 753 739 789 eorum.
757 739 800 790 tt.
819 741 889 789 Tune

288 843 388 892 restitit
412 841 505 890 Simon
532 845 555 887 et
583 840 716 902 pupnaoit
738 851 789 902 psa
813 844 888 901 pente

283 954 333 989 sua
352 947 376 988 et
391 939 510 1000 eropaoit
528 937 657 1000 pecunias
676 936 773 984 multos
795 944 818 985 et
841 951 888 985 ar·

286 1040 368 1087 movit
384 1038 456 1086 airas
471 1036 580 1085 uirtutis
594 1036 681 1096 pentis
695 1047 759 1083 suae
774 1041 798 1083 et
816 1035 887 1083 dedit

285 1136 344 1185 iltis
366 1135 513 1199 stipendio,
529 1134 571 1183 33.
590 1139 613 1180 et
630 1133 745 1181 muniuit
765 1132 887 1181 civitates

282 1235 396 1283 Iudaeae
411 1239 434 1280 et
450 1232 607 1280 Bethsuram
624 1243 691 1292 qstae
706 1237 763 1279 erat
780 1231 810 1277 in
822 1231 886 1292 {ini-

284 1333 331 1380 bus
356 1333 480 1389 Iudaeae,
501 1329 548 1378 ubi
571 1334 648 1377 erant
672 1341 747 1376 armo
772 1327 886 1376 hostium

285 1428 366 1469 anteo
389 1427 412 1466 et
433 1419 523 1482 posuit
548 1416 606 1466 iilia
628 1417 796 1480 praesidium
814 1417 886 1466 viros

286 1518 408 1567 iudaeae.
431 1515 474 1565 34.
496 1515 528 1564 Et
554 1515 655 1580 ioppen
678 1515 792 1563 muniuit
818 1528 885 1576 quae

282 1622 340 1664 erat
360 1616 395 1663 ad
414 1627 497 1673 mare,
514 1620 537 1662 et
557 1615 690 1662 Gazoranr
708 1625 774 1675 quae
798 1618 835 1661 est
855 1614 885 1661 in

279 1713 377 1778 finibus
390 1713 477 1770 Arati,
493 1713 522 1760 in
536 1725 589 1773 quo
606 1711 692 1760 nostes
709 1718 788 1759 antea
804 1710 884 1759 trobi-

280 1813 385 1868 tabant,
408 1816 431 1858 et
460 1809 600 1858 aoiioearit
628 1808 687 1856 ttttc
718 1810 829 1857 iudaeos
860 1816 883 1857 et

280 1921 456 1969 quaecumque
471 1891 536 1970 ¹opto
551 1913 628 1955 erant
644 1906 677 1954 ad
693 1908 883 1971 eorreptionem

278 2019 368 2054 eorum
382 2005 470 2069 potuit
487 2006 516 2052 in
531 2003 579 2052 eis.

316 2147 359 2198 35.
381 2147 413 2196 Et
433 2146 502 2196 uidit
521 2144 638 2209 popuius
657 2151 745 2193 actum
766 2147 882 2194 Simonis

277 2245 301 2286 et
317 2236 434 2300 pieriam
452 2248 531 2297 quam
550 2232 685 2296 capitatae
705 2230 792 2296 facere
809 2236 882 2297 penti

277 2340 350 2385 suae,
373 2334 396 2374 et
414 2330 560 2388 posuerunt
578 2337 637 2371 eum
655 2323 745 2371 durem
764 2337 838 2372 suunt
857 2332 881 2373 et

276 2416 428 2481 principem
458 2413 632 2469 sacerdotum,
663 2426 691 2460 eo
721 2413 789 2475 quod
824 2414 881 2477 ipse

278 2504 376 2568 fecerat
393 2504 456 2552 haee
471 2501 571 2560 omnio,
583 2508 606 2550 et
620 2501 753 2550 iustitiam
766 2508 789 2549 et
805 2502 880 2565 fidem

282 2608 361 2656 quam
372 2592 539 2642 conseruauit
549 2592 624 2654 penti
631 2603 695 2639 suae
705 2596 729 2640 et
737 2591 879 2653 exquisivit

279 2682 352 2732 omni
379 2681 454 2731 modo
482 2680 602 2729 exaltare
631 2679 760 2743 poputum
792 2693 877 2729 susem.

278 2772 320 2820 30.
338 2772 370 2818 Et
391 2771 420 2818 in
444 2769 536 2817 diebus
557 2769 615 2817 eius
635 2775 823 2831 prosperatum
843 2775 878 2816 est

278 2862 307 2907 in
330 2858 454 2906 manibus
476 2858 542 2917 eius,
561 2864 589 2903 ut
612 2855 769 2905 tollerentur
790 2864 879 2918 pentes

278 2948 307 2996 de
333 2947 439 3008 repione
463 2947 581 3008 ipsorum
605 2950 628 2991 et
651 2945 698 3004 qui
720 2945 749 2991 in
771 2946 879 2993 ciuitate

277 3036 362 3084 Dauid
382 3040 458 3082 erant
480 3032 510 3081 in
533 3030 678 3081 Ierusalem
702 3033 732 3079 in
756 3046 826 3090 arce,
848 3035 878 3081 de

278 3138 331 3186 qua
348 3121 524 3187 procedebant
544 3127 567 3168 et
586 3120 807 3169 contaminabant
822 3135 877 3170 om-

274 3215 324 3263 nia
349 3225 415 3276 quae
441 3212 470 3259 in
493 3210 608 3259 circuitu
631 3216 785 3258 sauctorum
803 3218 875 3271 sunt,

273 3309 296 3353 et
312 3301 468 3365 inserebant
479 3298 591 3364 plepem
606 3312 730 3361 mapnanr
745 3299 875 3350 castitati.

274 3393 317 3443 st.
339 3393 371 3440 Et
399 3388 539 3439 collocavit
559 3389 590 3437 in
612 3402 643 3437 ea
670 3390 741 3436 viros
765 3389 877 3438 Iudaeos

275 3484 309 3529 ad
331 3485 506 3529 tutamentum
526 3478 644 3539 ropionis
666 3483 689 3525 et
711 3478 831 3527 ciuitatis
853 3486 876 3526 et

273 3569 403 3618 exaltaris
429 3580 515 3616 muros
539 3564 694 3617 Ierusalem.
712 3567 755 3616 38.
775 3566 806 3614 Et
830 3581 876 3615 res

276 3660 420 3707 Demetrius
444 3657 539 3705 statuit
566 3655 610 3703 itii
634 3668 763 3727 summum
786 3670 890 3704 sacer·-

274 3751 390 3807 datium;
416 3745 459 3797 39.
481 3746 623 3794 secundum
645 3744 707 3792 haec
732 3743 794 3807 [ecit
809 3728 874 3792 ‘eum

273 3839 386 3886 ornicum
400 3849 477 3884 strum
491 3841 514 3883 et
530 3832 693 3896 piorifieoeit
713 3847 770 3881 enm
785 3833 874 3897 pieria

274 3940 379 3988 rnopno.
401 3924 443 3973 to,
464 3923 573 3971 Audiuit
596 3923 666 3970 enim
689 3923 757 3983 quod
779 3921 875 3986 appel-

273 4015 324 4062 tatt'
350 4020 412 4060 sunt
439 4011 532 4059 iudaei
555 4025 571 4058 α
593 4011 719 4058 Romanis
744 4012 823 4059 amisi
850 4019 874 4059 et

272 4097 375 4167 saetiger
395 4101 492 4162 fratres
512 4100 619 4160 atquin
640 4106 809 4161 susceperunt
835 4099 873 4148 ie-

269 4198 344 4253 potas
359 4188 475 4237 Simonis
490 4185 614 4249 ploriose.

306 4279 347 4328 41.
365 4279 396 4326 Et
411 4277 475 4340 quia
486 4276 579 4325 Iudaei
592 4280 616 4323 et
626 4276 772 4324 sacerdotes
783 4290 872 4325 eorum

272 4373 459 4418 corinensernnt
481 4380 538 4415 eum
560 4379 613 4414 esse
635 4367 725 4413 durem
750 4380 826 4415 suunt
848 4374 870 4414 et

269 4473 397 4508 sesmarum
411 4455 571 4506 sacerdotem
586 4456 617 4504 in
632 4462 778 4515 aeteruum,
791 4455 870 4504 donea

267 4555 360 4611 suryat
387 4546 519 4611 propheto
547 4545 645 4609 fidelis,
668 4543 710 4594 tt.
734 4550 757 4592 et
782 4552 810 4593 ut
834 4547 869 4592 sit

265 4634 407 4704 snperJeos
427 4636 480 4684 dus
497 4642 520 4683 et
537 4640 564 4683 ut
585 4648 650 4683 eura
667 4640 730 4682 esset
753 4632 798 4681 itti
819 4647 868 4697 pro

266 4727 365 4773 sanetis
394 4718 469 4790 et1ut
502 4723 670 4772 constitueret
701 4722 867 4786 praepositos

266 4827 346 4875 snper
368 4826 448 4876 opera
471 4826 559 4859 earnem
583 4819 606 4860 et
631 4825 710 4875 super
733 4811 866 4874 reps’onem

937 535 960 589 οἱ
985 532 1076 611 ἐχθροί
1100 534 1186 592 αὐτῶν
1212 531 1374 607 ἐμὸατεύσαι
1395 535 1431 598 είς
1450 533 1498 603 τήν
1520 537 1611 614 χῶραν

810 381 839 439 i.
862 397 957 442 unco.
985 383 1138 455 tem-te.

930 620 1028 701 Ιαὐτῶν
1049 625 1096 679 τοῦ
1123 623 1244 702 ἐκτρῖψαι
1266 621 1315 692 τὴν
1338 619 1429 702 χώραν
1456 624 1540 680 αὐτῶν
1565 625 1611 681 καὶ

937 712 1052 768 ἐκτεῖναι
1068 719 1160 790 χεῖρας
1178 709 1221 769 int
1237 710 1271 770 τά
1289 709 1351 788 ἅγια
1370 712 1467 769 αὐτῶν.
1482 714 1531 772 32.
1542 712 1611 773 Τότε

937 797 1036 870 ἀνίστη
1053 799 1145 874 Σίμων
1161 800 1206 857 καὶ
1220 799 1370 870 ἐπολέμησε
1384 800 1445 879 περὶ
1462 804 1507 858 τοῦ
1524 800 1610 868 ἔθνους

936 889 1016 945 αὐτοῦ
1040 889 1085 945 καὶ
1110 889 1260 959 ἐδαπάνησε
1286 888 1415 966 χρήματα
1443 889 1530 948 πολλὰ
1554 893 1606 949 τῶν

935 979 1028 1036 ἑαυτοῦ
1042 977 1086 1034 καὶ
1098 977 1269 1048 ὡπλοδότησε
1283 976 1342 1042 τούς
1354 978 1449 1057 ἄνδρας
1465 981 1512 1047 τῆς
1529 979 1609 1038 δυνά-

936 1088 1005 1139 μεως
1031 1070 1076 1123 τοῦ
1105 1066 1192 1132 ἔθνους
1221 1067 1300 1125 αὐτοῦ
1328 1065 1373 1123 καὶ
1399 1067 1495 1125 ἔδωκεν
1525 1070 1613 1136 αὐτοῖς

934 1154 1047 1234 ὀψώνια,
1070 1156 1119 1214 33.
1148 1154 1194 1212 καὶ
1219 1154 1348 1234 ὠχύρωσε
1376 1153 1423 1222 τάς
1450 1155 1539 1224 πόλεις
1565 1162 1611 1229 τῆς

936 1241 1068 1309 Ἰουδαίας
1086 1243 1132 1301 καὶ
1154 1242 1202 1313 τὴν
1228 1243 1394 1322 Βαιθσούραν
1414 1243 1463 1314 τὴν
1490 1246 1534 1304 ἐπὶ
1557 1249 1608 1305 τῶν

933 1331 1010 1411 όρίων
1025 1336 1072 1402 τῆς
1086 1333 1228 1405 Ἰουδαίας,
1243 1323 1272 1390 ού
1286 1323 1318 1404 ἦν
1332 1333 1366 1390 τὰ
1380 1331 1450 1391 ύπλα
1464 1336 1516 1391 τῶν
1531 1336 1609 1396 πολε-

933 1420 1000 1496 μίων
1015 1420 1045 1479 τὸ
1063 1422 1188 1500 πρότερον
1208 1420 1253 1479 καὶ
1272 1419 1344 1480 ἔθετο
1360 1424 1413 1481 ἐκεῖ
1427 1421 1542 1502 φρουρὰν
1557 1424 1608 1481 ἀν-

932 1511 994 1588 δρας
1009 1510 1152 1576 Ιουδαίους.

973 1600 1023 1659 34.
1047 1598 1102 1659 Καὶ
1131 1598 1242 1669 Ἰόππην
1268 1598 1396 1678 ὠχύρωσε
1421 1599 1469 1672 τὴν
1494 1600 1537 1659 ἐπὶ
1560 1605 1606 1673 τῆς

931 1686 1068 1759 θαλάσσης
1082 1687 1126 1745 καί
1141 1687 1188 1758 τὴν
1204 1688 1313 1766 Γάζαρα
1332 1688 1379 1757 τὴν
1398 1688 1441 1746 ἐπί
1459 1692 1512 1748 τῶν
1529 1690 1605 1768 ὁρίων

934 1774 1061 1846 Ἀζώτου,
1077 1779 1103 1834 ἐν
1119 1768 1136 1854 ᾗ
1150 1775 1235 1857 ᾤκουν
1254 1779 1277 1834 οἱ
1291 1776 1414 1854 πολέμιοι
1432 1776 1462 1836 τό
1480 1779 1605 1857 πρόσορον

931 1868 995 1937 ἐκεῖ,
1020 1864 1066 1923 καί
1088 1863 1233 1946 κατῴκισεν
1255 1867 1311 1923 ἐκεῖ
1329 1865 1471 1935 Ἰουδαίους
1492 1867 1537 1926 καί
1555 1869 1603 1927 όσα

930 1953 1066 2024 ἐπιτήδεια
1096 1944 1128 2025 ἦν
1158 1953 1222 2033 πρὸς
1244 1958 1278 2033 τῇ
1302 1957 1401 2013 τούτοιν
1427 1956 1605 2034 ἐπανορθώσει

930 2042 1001 2101 ἔθετο
1016 2044 1045 2099 ἐν
1058 2044 1155 2109 αὐτοῖς.
1593 2042 1595 2046 ⁴

970 2132 1019 2190 35.
1036 2130 1089 2190 Καὶ
1105 2121 1272 2197 otiositate
1286 2130 1333 2202 τὴν
1346 2131 1439 2212 πρᾶξιν
1455 2138 1499 2191 τού
1513 2135 1604 2210 Σίμω·

928 2241 971 2285 νος
989 2220 1034 2279 καί
1049 2219 1097 2290 τὴν
1112 2219 1189 2288 δόξαν
1205 2219 1236 2291 ἣν
1250 2220 1426 2280 ἑόουλεύσατο
1441 2225 1551 2294 ποιῆσαι
1566 2229 1603 2304 τῷ

929 2306 996 2366 ἔθνει
1010 2310 1089 2366 αὐτοῦ
1104 2309 1149 2367 καὶ
1166 2309 1252 2369 ίθεντο
1266 2310 1342 2369 αὐτὸν
1357 2309 1502 2388 ἡγούμενον
1517 2316 1602 2372 αὐτῶν

928 2400 973 2454 καλ
989 2397 1126 2476 ἀρχιερέα,
1141 2399 1183 2456 διά
1196 2397 1225 2456 τὸ
1238 2399 1315 2456 αὐτὸν
1330 2399 1502 2471 πεποιηκέναι
1515 2401 1603 2461 πάντα

927 2492 1010 2544 ταῦτα
1028 2489 1074 2544 καὶ
1090 2487 1137 2556 τὴν
1157 2485 1325 2559 δικαιοσύνην
1339 2487 1385 2547 καὶ
1399 2489 1447 2558 την
1462 2491 1550 2548 πίστιν
1569 2490 1601 2562 ἣν

927 2575 1089 2654 ουνεττζρησε
1117 2579 1155 2655 τῷ
1183 2574 1249 2633 ἐθνει
1278 2579 1370 2650 αὐτοῦ,
1394 2578 1439 2634 καὶ
1463 2576 1602 2650 ἐξεζήτησε

927 2664 1006 2723 παντὶ
1021 2664 1111 2745 τρόπῳ
1129 2667 1234 2744 ὑψῶσαι
1246 2665 1290 2724 τὸν
1303 2666 1367 2724 λαὸν
1380 2667 1472 2724 αὐτοῦ.
1486 2670 1534 2728 36.
1548 2668 1602 2728 Καὶ

927 2753 953 2809 ἐν
976 2753 1032 2820 ταῖς
1045 2754 1158 2832 ἡμέραις
1173 2756 1253 2813 αύτού
1270 2753 1383 2825 εύοδύιθη
1401 2759 1427 2816 ἐν
1440 2764 1497 2823 ταῖς
1511 2757 1601 2836 χερσὶν

927 2843 1005 2900 αὐτοῦ
1030 2846 1075 2899 τοῦ
1098 2841 1238 2922 ἐξαρθῆναι
1257 2840 1290 2900 τίι
1310 2840 1369 2914 ἔθνη
1391 2845 1421 2901 ἐκ
1441 2848 1488 2915 τῆς
1513 2846 1602 2926 χώρας

926 2931 1013 2988 αὐτῶν
1036 2932 1082 2989 καὶ
1110 2931 1168 2998 τούς
1192 2933 1218 2989 ἐν
1239 2936 1272 3010 τῇ
1293 2931 1368 2991 πόλει
1389 2930 1473 2993 Δαυὶδ
1493 2935 1552 3001 τοὺς
1573 2938 1600 2993 ἐν

925 3015 1113 3096 Ἰερουσαλὴμ,
1138 3019 1164 3078 οί
1184 3021 1311 3092 ἐποίησαν
1342 3021 1428 3089 αὐτοῖς
1458 3022 1551 3100 ἀκραν,
1574 3023 1600 3093 ἐξ

924 3097 954 3177 ἧς
988 3106 1169 3187 ἐξεπορεύοντο
1199 3109 1243 3167 καὶ
1278 3110 1395 3181 ἐμίαινον
1427 3111 1517 3193 κύκλῳ
1548 3115 1599 3170 τῶν

924 3195 1018 3273 ἁγίων,
1042 3197 1087 3254 καί
1114 3201 1218 3258 ἐποίουν
1240 3197 1346 3277 πληγὴν
1375 3201 1491 3279 μεγάλην
1516 3203 1542 3258 ἐν
1566 3205 1598 3280 τῇ

925 3283 1027 3363 ἁγνείᾳ,
1050 3290 1099 3345 37.
1125 3288 1179 3346 {tat
1200 3286 1346 3366 κατῴκισεν
1367 3290 1393 3346 ἐν
1415 3291 1482 3367 αὐτῇ
1504 3289 1599 3369 ἀνδρας

925 3372 1066 3440 Ἰουδαίους
1087 3376 1131 3432 καί
1155 3375 1297 3455 ὠχύρωσεν
1318 3377 1401 3448 αὐτὴν
1421 3378 1486 3457 πρὸς
1507 3376 1597 3457 ἀορά-

923 3463 996 3522 λειαν
1016 3467 1063 3534 τῆς
1082 3463 1172 3542 χώρας
1193 3465 1238 3522 καὶ
1257 3469 1304 3535 τῆς
1321 3465 1423 3533 πολεως
1444 3468 1489 3526 καὶ
1507 3466 1596 3548 ύψωσε

922 3549 955 3609 τδι
977 3553 1054 3631 τείχη
1079 3551 1265 3633 Ἰερουσαλήμ.
1285 3557 1333 3613 38.
1357 3554 1411 3616 Καὶ
1436 3559 1449 3613 ό
1474 3558 1597 3634 βασιλεὺς

922 3641 1074 3720 Δημήτριος
1097 3644 1207 3712 ἔστησεν
1230 3644 1303 3721 αὐτῷ
1327 3642 1373 3714 τὴν
1399 3645 1595 3724 ἀρχιερωσύνην

922 3730 990 3787 κατὰ
1021 3736 1114 3805 ταῦτα,
1140 3733 1188 3790 39.
1213 3732 1258 3789 καὶ
1287 3732 1409 3805 ἐποίησεν
1438 3734 1516 3792 αὐτὸν
1545 3738 1595 3793 τῶν

922 3820 1003 3897 φίλοιν
1018 3820 1107 3891 αὐτοῦ,
1120 3819 1165 3876 καλ
1178 3818 1299 3888 ἐδόξασεν
1312 3819 1388 3880 αὐτόν
1404 3821 1464 3899 δόξῃ
1478 3823 1594 3904 μεγάλῃ.

922 3909 969 3965 tt).
987 3907 1123 3978 Ἠκούσθη
1138 3909 1189 3986 γὰρ
1204 3909 1243 3967 ὅτι
1256 3909 1476 3990 προςηγόρευνται
1491 3917 1514 3970 οἱ
1527 3912 1595 3973 ’loa-

921 3996 988 4054 δαῖον
1006 3995 1058 4054 ὑπὸ
1076 3995 1220 4071 Ῥωμαίων
1238 3999 1308 4077 ρίλοι
1327 4000 1372 4058 καὶ
1391 3999 1530 4080 σύμμαχοι
1551 4003 1595 4059 καὶ

921 4085 1027 4164 ἀδελφαὶ
1046 4087 1091 4143 καὶ
1111 4084 1151 4145 ότι
1172 4086 1327 4160 ἀπήντησαν
1351 4089 1404 4156 τοῖς
1423 4090 1596 4169 πρεσόευταῖς

920 4174 1040 4250 Σίμωνος
1055 4173 1171 4242 ἐνδόξοις.

960 4266 1008 4322 dl.
1033 4264 1089 4322 Καὶ
1105 4264 1144 4321 ότι
1164 4263 1307 4337 εύδόκησαν
1325 4270 1347 4323 οἱ
1368 4266 1491 4328 Ἰουδαῖοι
1507 4269 1552 4327 καλ
1570 4271 1594 4328 οἱ

918 4354 994 4431 ἱερεῖς
1009 4359 1054 4413 τοῦ
1074 4342 1139 4410 εἶναι
1156 4355 1240 4411 αὐτῶν
1257 4354 1367 4430 Σίμωνα
1387 4356 1532 4433 ἡγούμενον
1548 4359 1593 4416 καί

918 4440 1042 4521 ἀρχιερέα
1067 4444 1102 4509 εἷς
1125 4441 1168 4501 τὸν
1192 4443 1275 4500 αἰῶνα
1305 4444 1354 4511 ἴοις
1377 4450 1422 4503 τοῖι
1448 4449 1593 4519 ἀναστῆναι

916 4528 1053 4609 προφήτην
1067 4532 1170 4600 πιστὸν,
1186 4534 1234 4592 42.
1248 4532 1350 4591 καὶτοῦ
1367 4523 1433 4594 εἶναι
1448 4537 1490 4594 ἐπ’
1508 4538 1592 4595 αὐτῶν

915 4619 1063 4699 στρατηγὸν
1090 4619 1134 4678 καί
1157 4619 1227 4687 ὅπως
1258 4621 1327 4701 μέλῃ
1356 4625 1426 4703 αὐτῷ
1452 4626 1512 4705 περὶ
1541 4627 1592 4683 τῶν

916 4709 996 4785 ἁγίων
1024 4708 1181 4768 καθιστάναι
1204 4711 1237 4767 δι’
1260 4712 1340 4769 αὐτοῦ
1364 4713 1408 4770 ἐπὶ
1431 4717 1483 4774 τῶν
1508 4716 1591 4794 ἔργων

915 4797 1063 4884 αὐτῶνκαὶ
1083 4799 1126 4858 ἐπὶ
1146 4803 1191 4869 τῆς
1209 4799 1299 4879 χώρας
1320 4801 1364 4860 καὶ
1380 4802 1422 4861 ἐπὶ
1437 4807 1489 4862 τῶν
1502 4805 1590 4864 ὅπλων
