3625 5367
304 344 362 402 146
816 344 845 400 l.
868 357 961 402 rnen.
987 341 1126 414 nea-to.
1217 355 1222 366 ·

303 495 354 560 uti
374 515 413 559 ex
432 515 464 559 v.
483 498 524 558 36
539 491 729 579 colligitur,
745 497 779 557 et
797 490 908 580 aliqui
922 513 962 557 ex
978 490 1172 558 senioribus
1183 489 1305 580 populi
1325 489 1356 557 ei
1371 489 1509 557 obviam
1522 489 1637 557 ierunt

303 605 442 688 utgeum
456 598 646 665 salutarent
666 599 703 664 iu
719 621 803 688 pace
826 596 928 688 eique
953 597 1171 664 ostenderent
1197 597 1436 665 holocaustum
1459 596 1553 685 quod
1573 618 1635 685 pro

304 727 382 793 rege
399 705 618 772 offerebatur.
637 704 754 772 Talem
773 725 905 770 moram
926 703 1092 771 offerendi
1112 726 1177 794 pro
1195 724 1278 790 rege
1291 704 1361 770 iam
1378 703 1636 771 commendave-

301 817 355 879 rat
369 811 530 880 Ieremias
547 811 653 900 (2951)
669 803 827 900 =itemque
849 812 984 878 Baruch
1004 809 1130 900 (1‚11);
1150 811 1194 878 cf.
1213 810 1307 879 Esdr.
1326 816 1421 892 6‚10;
1439 815 1558 900 postea
1569 832 1634 900 pro

303 923 509 1008 Imperatore
525 941 668 987 romano
683 918 894 984 offerebatur
911 917 1009 1006 (Bell.
1028 923 1162 1001 e‚17‚2;
1180 939 1210 984 c.
1224 917 1393 1007 Apionem
1408 918 1492 1004 3,(5).
1510 921 1636 984 Verum

299 1025 446 1092 Nicanor
464 1025 612 1093 irridens
626 1027 755 1114 sprevit
775 1047 833 1092 eos
852 1031 901 1092 ναὶ
916 1032 1033 1108 ἐμίανεν
1050 1031 1156 1104 αὐτούς
1178 1024 1216 1112 (a,
1240 1031 1277 1090 ut
1296 1045 1432 1111 graece,
1450 1021 1636 1090 maculavit

300 1154 373 1214 eos;
390 1137 410 1198 S
432 1133 638 1222 contempsit
659 1132 747 1218 eos);
767 1153 836 1220 qua
856 1132 992 1198 ratione
1011 1153 1068 1197 eos
1088 1131 1385 1213 contaminaverit,
1402 1153 1473 1198 non
1490 1128 1632 1209 dicitur;

299 1261 341 1304 au
360 1243 501 1320 attactu,
523 1260 592 1327 quo
612 1237 746 1304 levitice
767 1237 939 1305 immundi
959 1237 1102 1304 fierent?
1125 1237 1288 1326 Iosephus
1308 1235 1508 1304 Goriouides
1528 1237 1635 1303 refert

299 1365 378 1410 eum
396 1366 511 1410 versus
527 1344 697 1433 templum
717 1343 887 1433 exspuisse
908 1344 1077 1432 (3‚21,12;
1099 1345 1138 1410 G.
1154 1347 1229 1432 K.);
1251 1343 1365 1410 verbis
1382 1364 1522 1433 quoque
1537 1343 1634 1410 inso-

302 1451 407 1517 lentia
430 1458 464 1517 et
488 1449 650 1539 superbia
667 1449 779 1540 plenis
797 1472 877 1518 usus
901 1456 963 1531 est,
985 1450 1103 1540 qualia
1123 1473 1153 1515 v.
1172 1456 1214 1518 35
1235 1450 1419 1517 habentur.
1438 1449 1576 1536 legitur
1596 1450 1632 1516 iu

299 1557 395 1643 vulg.
417 1580 448 1623 v.
466 1562 509 1624 33
526 1556 685 1623 exierant
700 1555 742 1622 dc
755 1556 987 1623 sacerdotibus
1001 1556 1141 1646 popelli,
1166 1578 1287 1624 verum
1308 1580 1347 1623 ex
1368 1577 1492 1644 graeco
1514 1561 1548 1623 et
1567 1561 1600 1637 S,
1618 1578 1634 1622 s

297 1663 420 1753 supple
438 1687 445 1732 ε
462 1662 505 1729 de
520 1662 755 1731 sacerdotibus
771 1668 805 1730 et
816 1663 1010 1731 senioribus
1027 1663 1159 1753 populi.
1178 1663 1294 1730 Amice
1310 1663 1460 1730 salutare
1476 1684 1556 1729 eum
1571 1684 1634 1730 vo-

227 1815 230 1822 ·
297 1769 419 1836 lebant
433 1768 543 1859 aliqui
558 1793 598 1836 er
621 1769 744 1838 ordine
758 1791 855 1836 sacro
877 1775 912 1836 et
935 1793 975 1836 ex
996 1769 1202 1857 magistratu
1220 1769 1326 1837 civili.
1343 1774 1465 1836 Verum
1485 1769 1633 1838 Nicanor

298 1877 446 1942 maximo
461 1881 660 1966 contemptu
675 1879 724 1944 eis
743 1876 895 1942 exhibito
911 1877 1022 1943 minas
1042 1898 1180 1966 quoque
1195 1875 1247 1943 ira
1270 1876 1515 1943 excandescens
1536 1875 1633 1942 addit

296 2005 331 2048 v.
348 1987 390 2048 35
407 2003 605 2058 asseverans
625 2004 704 2050 cum
723 1984 919 2050 iuramento
939 2003 946 2049 :
968 1983 1037 2049 nisi
1050 1983 1198 2050 traditus
1217 1983 1322 2050 luerit
1341 1982 1442 2050 ludas
1457 1987 1491 2050 et
1505 1983 1632 2050 exerei-

296 2095 351 2155 tus
374 2088 448 2155 eius
468 2089 555 2154 mihi
577 2100 610 2156 rt
635 2105 684 2156 νῦν
707 2110 801 2156 nunc
819 2089 948 2170 statim,
966 2089 1140 2172 continno,
1159 2089 1232 2156 scil.
1257 2088 1466 2179 proditione,
1488 2089 1633 2156 simulac

296 2216 455 2263 reversus
474 2195 573 2262 fuero
590 2194 628 2260 in
640 2216 731 2285 porc
745 2195 769 2260 i.
788 2217 818 2261 e.
832 2196 946 2263 salvus
961 2201 996 2262 et
1010 2195 1204 2278 incolumis,
1226 2196 1431 2263 succendam
1449 2193 1629 2284 templum.

295 2307 418 2396 Sperat
437 2302 513 2368 fieri
529 2323 640 2391 posse,
662 2307 700 2370 ut
724 2300 933 2392 proditione,
951 2301 1108 2393 perfidia,
1129 2301 1209 2370 dolo
1231 2307 1466 2392 apostatarum
1488 2303 1633 2370 Iudaeo*

295 2429 373 2474 rum
393 2408 493 2476 ludas
510 2415 544 2474 et
565 2408 732 2475 exercitus
750 2407 785 2473 in
802 2431 899 2475 suam
912 2409 1107 2476 traderetur
1120 2414 1343 2499 potestatem3
1360 2409 1460 2476 minis
1475 2410 1632 2497 proposi-

294 2513 338 2580 tis
357 2512 448 2580 idem
474 2521 678 2603 extorquere
700 2514 825 2597 studet,
845 2523 1033 2605 antequam
1057 2515 1098 2581 ad
1127 2515 1422 2603 congrediendum
1444 2535 1521 2583 cum
1545 2515 1632 2583 luda

295 2620 542 2709 proficiscatur.
563 2622 710 2689 Victoria
731 2620 774 2688 de
791 2622 876 2690 luda
890 2627 1068 2713 reportata
1083 2623 1251 2712 templum
1267 2621 1427 2689 incendio
1443 2643 1477 2688 se
1498 2620 1631 2688 deletu·

295 2748 372 2793 rum
387 2726 543 2815 spondet.

339 2836 423 2901 Cum
447 2834 576 2901 abisset
595 2834 714 2915 iratus,
738 2835 932 2903 sacerdotes
950 2835 1084 2901 intrant
1103 2837 1138 2900 iu
1158 2835 1283 2903 atrium
1304 2833 1425 2926 templi
1446 2844 1480 2902 et
1502 2840 1629 2902 stantes

293 2944 373 3007 ante
400 2938 508 3007 altare
531 2945 660 3006 etanta
685 2945 856 3021 sanctum,
883 2943 960 3009 κατὰ
981 2947 1137 3030 πρόςωπον
1163 2958 1213 3010 τοῦ
1234 2958 1317 3027 ναοῦ,
1342 2947 1421 3008 ante
1446 2942 1627 3032 templum,

293 3068 371 3114 cum
398 3045 547 3113 lacrimis
571 3046 802 3113 obsecrabant
824 3051 948 3129 Deum;
976 3048 1020 3114 ci.
1045 3048 1116 3114 loel
1143 3055 1224 3132 22¹⁷
1249 3048 1341 3116 inter
1364 3047 1571 3115 vestibulum
1596 3055 1630 3117 et

294 3153 401 3220 altare
419 3152 606 3243 plorabunt
620 3151 830 3237 sacerdotes;
846 3176 878 3220 v.
897 3160 939 3220 37
953 3154 1137 3222 Dominum
1152 3161 1292 3221 monent
1305 3155 1350 3220 ab
1369 3155 1445 3245 ipso
1459 3153 1629 3245 templum

294 3282 367 3326 csse
382 3260 542 3341 electum,
559 3265 599 3328 ut
616 3260 837 3327 invocaretur
854 3281 982 3327 nomen
1003 3261 1137 3328 Domini
1158 3283 1262 3352 super
1276 3259 1377 3343 illud,
1394 3266 1433 3328 ut
1447 3261 1520 3329 soil.
1543 3267 1629 3328 esset

293 3366 460 3454 ternplum
480 3366 615 3432 nomini
633 3367 702 3450 Dei,
720 3366 853 3453 gloriae
869 3368 927 3434 Dei
943 3375 1183 3436 consecratum
1204 3375 1236 3434 et
1258 3391 1296 3434 ex
1316 3367 1391 3434 eius
1408 3367 1546 3434 nomine
1565 3390 1629 3457 ap·

293 3472 461 3560 pellatum
475 3472 646 3563 templum
663 3474 783 3556 lahve;
800 3473 942 3563 insuper
957 3480 995 3540 ut
1009 3481 1094 3542 esset
1110 3474 1232 3542 domus
1247 3475 1412 3541 orationis
1432 3474 1489 3564 (cl.
1506 3480 1525 3541 3
1542 3478 1626 3561 Reg.

292 3583 384 3664 ⁸1²9·
412 3584 471 3663 30;
499 3579 583 3668 9,3).
609 3585 647 3646 ln
667 3581 752 3666 vulg
775 3579 979 3667 designatur
999 3581 1168 3671 templum
1186 3581 1223 3646 in
1241 3587 1388 3669 utroque
1415 3581 1569 3648 membro
1589 3586 1627 3647 ut

292 3687 417 3755 domus
438 3688 616 3769 orationis,
644 3692 680 3754 at
698 3694 895 3772 ἐπικληθῆναι
915 3689 961 3756 ἐπ’
988 3693 1066 3776 αὐτῷ
1090 3687 1243 3754 invocari
1265 3709 1392 3754 nomeu
1413 3709 1517 3776 super
1538 3686 1626 3753 illud

291 3795 383 3862 idem
407 3799 457 3862 est
476 3800 579 3884 atque
597 3794 630 3861 ei
651 3793 856 3877 consecrari,
874 3792 919 3860 ad
942 3798 1047 3861 Deum
1068 3795 1240 3883 pertinere
1257 3793 1313 3884 (cf.
1331 3801 1350 3861 3
1367 3798 1450 3880 Reg.
1468 3800 1560 3876 8‚t3.
1582 3799 1621 3860 ls.

292 3909 346 3983 t,l
367 3901 462 3989 etc.).
480 3905 586 3968 Orant
603 3923 634 3966 v.
658 3907 712 3981 38,
728 3906 767 3966 ut
783 3906 869 3967 [leus
884 3899 1069 3968 ulciscatur
1082 3899 1247 3967 iniuriam
1262 3922 1323 3967 suo
1340 3899 1469 3991 templo
1490 3899 1628 3989 sibique

291 4007 435 4087 illatam,
452 4011 491 4072 ut
511 4005 603 4072 bello
618 4029 677 4072 eos
699 4009 811 4095 perire
833 4007 1012 4096 permittat
1031 4027 1164 4074 memor
1183 4007 1492 4096 blasphemiarum,
1509 4029 1552 4073 ne
1566 4005 1627 4072 de·

292 4111 380 4179 derit
403 4112 450 4178 eis
470 4113 687 4180 mansionem
713 4124 817 4198 μονήν,
837 4136 881 4181 ne
901 4114 975 4182 scil.
993 4137 1051 4180 eos
1067 4114 1105 4181 in
1124 4115 1194 4180 vita
1213 4135 1417 4203 permanere
1441 4113 1546 4196 sinat;
1566 4113 1627 4180 alii

292 4218 462 4308 explicant
478 4229 569 4304 μονήν
590 4241 598 4286 :
620 4219 694 4286 noli
712 4219 903 4288 concedere
920 4226 958 4287 ut
972 4226 1063 4287 stent
1078 4220 1114 4286 iu
1134 4220 1223 4302 acie;
1248 4218 1284 4286 id
1300 4218 1394 4309 quod
1409 4225 1486 4309 post
1503 4219 1594 4287 illud
1615 4240 1623 4288 ε

293 4338 331 4392 ut
342 4326 470 4394 cadant
485 4326 522 4394 in
538 4325 671 4416 plodio,
689 4327 771 4393 satis
789 4334 840 4394 ast
859 4327 987 4396 debile.
1009 4334 1029 4394 S
1045 4350 1054 4394 z
1069 4350 1112 4394 ne
1133 4327 1193 4394 des
1208 4326 1276 4393 illis
1291 4327 1397 4393 robur
1413 4332 1446 4393 ct
1467 4331 1627 4394 constan-

292 4435 387 4515 tiam,
402 4458 417 4500 s
438 4457 445 4503 :
463 4434 627 4524 quietem.

334 4538 484 4609 Nicanor
498 4541 620 4609 relicta
634 4543 721 4611 urbe
741 4543 852 4609 castra
872 4541 984 4630 posuit
1003 4542 1038 4606 iu
1061 4541 1232 4609 Bethoron
1252 4543 1306 4630 (cl.
1328 4547 1439 4628 3,16j.;
1457 4541 1575 4630 ibique
1594 4541 1626 4607 ei

290 4670 325 4712 se
341 4647 571 4715 adiunxerant
590 4648 715 4716 milites
734 4647 904 4716 auxiliarii
926 4671 965 4714 ex
984 4647 1092 4736 Syria.
1116 4648 1215 4715 ludas
1239 4652 1498 4716 castrametatus
1519 4653 1569 4714 est
1589 4646 1625 4712 in

289 4751 398 4820 Adasa
411 4762 441 4821 ὲν
467 4756 619 4835 Ἀδασοῖς,
642 4765 729 4848 ἑτέρᾳ
743 4759 842 4844 κώμῃ,
861 4755 922 4844 qui
941 4755 1035 4824 vicus
1051 4757 1255 4822 chthoron
1270 4755 1416 4842 triginta
1435 4754 1551 4830 stadiis
1565 4753 1625 4820 ab·
