3625 5367
743 373 770 430 l.
793 390 885 434 ulcu.
910 375 1067 451 roca-89.
1512 378 1568 436 195

239 524 358 613 (Lxx),
376 528 417 604 εἰς
435 534 470 592 τὸ
486 527 635 590 elicietur
655 526 762 602 αὐτῶν,
780 522 817 589 in
832 524 1000 614 templum
1015 545 1146 604 eorum,
1164 524 1235 591 scil.
1249 523 1440 591 incolarum
1453 527 1565 606 Azoti;

236 653 345 721 quare
364 630 441 716 lege
459 627 497 694 in
512 629 605 715 vulg.
624 626 772 694 idolium
785 629 848 718 (uti
865 638 881 698 1
899 635 974 697 Cor.
992 634 1099 718 8,10).
1115 635 1194 697 Erat
1214 636 1332 716 Dagon
1346 630 1477 697 idolum
1493 633 1569 696 Phi-

236 737 473 817 listhaeorum,
493 736 567 827 eius
579 733 806 802 simulacrum
820 736 857 802 in
872 741 971 827 parte
988 739 1162 827 superiore
1178 737 1355 804 hominem
1373 737 1570 818 exhibebat,

241 845 369 934 piscem
383 841 441 922 (uu)
455 842 492 907 in
506 839 682 909 inferiore.

285 949 443 1017 lonathas
463 947 586 1014 urbem
615 955 649 1014 et
671 948 842 1038 templum
867 949 1045 1016 succendit
1068 965 1101 1017 v.
1118 955 1177 1030 at;
1200 953 1259 1039 qui
1283 950 1318 1016 in
1334 952 1414 1018 fano
1438 951 1571 1038 asylum

238 1055 306 1123 sibi
321 1059 555 1146 quaesierunt,
576 1053 724 1120 flammis
741 1054 942 1145 interempti
957 1061 1046 1123 sunt.
1070 1062 1145 1145 lpso
1162 1059 1346 1123 certamine
1362 1062 1397 1123 et
1412 1055 1570 1124 incendio

236 1162 416 1252 perierunt
428 1161 519 1226 circa
538 1165 615 1226 octo
631 1159 743 1226 millia
764 1183 796 1228 v.
817 1167 872 1228 85.
894 1166 995 1228 Parta
1015 1161 1158 1229 victoria
1178 1162 1363 1252 multisque
1382 1162 1499 1251 spoliis
1515 1185 1569 1230 ac-

237 1268 345 1360 ceptis
357 1267 604 1335 lonathascum
618 1266 689 1333 suis
704 1289 864 1334 reversus
878 1275 928 1334 est
941 1270 976 1334 in
988 1270 1169 1336 Ierusalem
1179 1292 1211 1336 ν.
1227 1276 1281 1336 87.
1297 1269 1489 1335 Alexander
1508 1291 1570 1335 au-

238 1383 306 1442 tem
326 1375 429 1442 rebus
452 1374 523 1441 istis
544 1372 671 1440 auditis
689 1374 858 1441 lonathan
879 1375 1070 1443 maioribus
1094 1397 1233 1465 quoqne
1253 1374 1443 1442 honoribus
1461 1375 1570 1466 dona-

237 1484 303 1566 rit3
319 1482 412 1548 misit
426 1481 516 1548 enim
531 1481 561 1546 ei
575 1486 692 1567 πόρπην
710 1499 836 1568 χρυσῆν,
851 1481 996 1550 fibulam
1009 1504 1163 1562 auream,
1182 1488 1370 1571 quavestes
1385 1483 1420 1547 in
1432 1488 1570 1573 pectore
1680 1507 1681 1510 ¹

236 1609 296 1654 seu
311 1588 465 1656 humeris
484 1586 799 1669 connectebantur3
816 1587 861 1652 cf.
881 1594 981 1668 11,58
997 1595 1030 1654 et
1046 1593 1145 1671 ΗΜ
1159 1587 1329 1655 eiusmodi
1341 1587 1450 1656 fibula
1464 1610 1569 1656 aurea

236 1695 286 1760 uti
308 1694 436 1761 licebat
451 1694 561 1760 solum
583 1692 666 1759 viris
687 1692 929 1768 nobilissimis:
957 1693 1008 1760 uti
1031 1695 1086 1760 hic
1105 1717 1243 1784 quoque
1265 1694 1423 1762 innuitur
1448 1716 1455 1762 :
1479 1694 1568 1762 sicut

235 1799 444 1867 consuetudo
469 1812 518 1865 est
546 1798 626 1865 dari
649 1800 804 1888 eopnutr’s
829 1822 967 1890 repum;
991 1799 1048 1867 isti
1074 1805 1214 1890 eoquatr'
1239 1822 1362 1886 regum
1391 1823 1463 1868 non
1490 1806 1569 1868 sunt

237 1906 538 1993 consanguinitate
556 1905 745 1995 propinqui
768 1912 802 1972 et
820 1906 960 1994 cognati
981 1905 1039 1997 (cf.
1055 1908 1161 1997 332),
1179 1906 1239 1974 sed
1257 1906 1369 1974 solum
1390 1907 1570 1975 familiari-

236 2020 305 2080 tate
322 2021 355 2080 et
367 2013 467 2081 tilulo
488 2010 627 2080 honoris
645 2017 678 2078 et
699 2012 894 2080 nobilitate.
912 2013 970 2080 Hic
992 2035 1065 2080 mos
1084 2020 1157 2080 erat
1175 2013 1268 2104 apud
1285 2019 1421 2095 Persas;
1438 2013 1485 2081 ita
1500 2015 1569 2082 dis-

236 2120 346 2188 cimus
356 2143 389 2186 v.
407 2141 443 2207 g.
458 2119 559 2186 Dario
572 2118 748 2185 adstitisse
765 2120 898 2208 equites
914 2119 1009 2187 mille
1025 2137 1193 2209 συγγενεῖς,
1208 2125 1375 2208 cognatos
1386 2121 1494 2211 (Diod.
1509 2123 1567 2188 sic.

238 2225 389 2314 17,59,2)
404 2233 438 2291 et
456 2225 591 2292 Curtius
603 2224 712 2292 refert
726 2223 843 2292 decem
861 2225 992 2312 legatos
1009 2232 1233 2313 cognatorum
1256 2226 1374 2317 (regis)
1396 2226 1569 2318 principes

237 2332 282 2400 ed
296 2330 528 2400 Alexandrum
547 2353 621 2398 esse
637 2331 758 2398 missos
775 2332 902 2421 (t,11,1
922 2335 963 2398 cl.
980 2339 1111 2417 3,3,13;
1129 2333 1293 2401 Arrianus
1313 2333 1442 2422 3,11,5)
1464 2355 1567 2423 quam

236 2438 505 2529 appellationem
520 2436 711 2504 Alexander
734 2443 874 2524 Magnus
898 2460 1036 2528 quoque
1059 2461 1122 2527 pro
1141 2438 1371 2506 familiaribus
1392 2441 1569 2529 usurpavit

237 2546 296 2634 (cf.
325 2545 488 2612 Arrianus
517 2545 662 2630 7,11,1).
686 2543 813 2610 Eodem
841 2544 944 2610 modo
969 2544 1108 2630 cognati
1137 2545 1228 2630 regis
1254 2544 1279 2611 i.
1301 2567 1332 2611 e.
1364 2545 1568 2612 nobilissimi

237 2653 341 2718 etiam
353 2650 420 2716 hoc
436 2649 511 2716 loco
524 2648 766 2736 intelligantur
778 2648 970 2738 oportebit;
992 2671 1085 2728 nam,
1103 2651 1155 2716 uti
1176 2650 1240 2715 hoc
1254 2650 1413 2740 exemplo
1429 2657 1522 2740 patet
1535 2654 1569 2719 et

239 2763 339 2839 11,58
352 2761 387 2824 et
402 2760 515 2838 met,
531 2754 640 2841 fibula
654 2776 762 2822 aurea
783 2756 818 2821 in
836 2755 974 2842 signum
995 2754 1136 2822 honoris
1150 2778 1221 2824 non
1233 2755 1382 2825 dabatur
1392 2757 1476 2824 solis
1491 2779 1568 2825 san·

236 2864 343 2952 guina
358 2861 577 2951 propinquis.

200 3043 203 3054 ¹
279 2975 422 3058 lnsuper
438 2968 631 3035 Alexander
647 2967 744 3035 dedit
761 2970 926 3035 lonathae
947 2972 1102 3036 Accaron
1121 2982 1155 3035 et
1170 2992 1288 3038 omnes
1308 2971 1394 3060 fines
1410 2971 1495 3052 eius,
1513 2995 1568 3039 re-

236 3076 375 3163 gionem
402 3075 447 3143 ad
479 3075 600 3143 urbem
631 3075 872 3164 pertinentem,
901 3076 1113 3143 territorium
1151 3077 1236 3161 eius,
1263 3077 1394 3167 oppida
1420 3080 1565 3162 minora,

237 3203 385 3272 quorum
401 3181 500 3271 quasi
517 3181 719 3270 metropolis
738 3188 812 3248 erat
830 3187 982 3248 Accaron
1004 3183 1144 3270 (Ekron)
1159 3187 1201 3263 εἰς
1223 3191 1418 3272 κληροδοσίαν
1438 3185 1475 3251 in
1488 3207 1566 3274 pos-

237 3289 431 3367 sessionem,
448 3292 488 3356 ut
507 3287 581 3355 scil.
605 3286 685 3353 inde
712 3287 866 3353 redditus
887 3287 1081 3376 perciperet
1102 3288 1190 3376 (Gr.)
1205 3294 1240 3355 et
1260 3288 1400 3378 plenam
1424 3290 1568 3357 haberet

237 3396 311 3463 eius
327 3393 611 3475 dominationem,
629 3397 671 3473 εἷς
687 3401 870 3480 κληρουχίαν
887 3401 1037 3481 ἐπιτρέπει
1059 3395 1245 3482 (Iosephus,
1267 3397 1300 3458 K
1300 3393 1337 3482 l

380 3587 429 3643 10.
450 3582 617 3642 Aleeuruler
637 3598 722 3658 repro
736 3579 894 3657 priuatum
915 3578 1083 3640 restituitur
1103 3579 1270 3640 Demetrius
1293 3587 1424 3656 11,1-19.

276 3747 348 3808 ll,l.
364 3746 397 3795 Et
412 3759 458 3794 rer
472 3746 588 3808 Aepypti
608 3744 782 3814 concreparet
797 3757 843 3791 ex·
931 3731 1012 3806 11,1.
1035 3729 1089 3790 Καὶ
1112 3733 1126 3788 ὁ
1151 3728 1274 3809 βασιλεὺς
1303 3731 1437 3808 Αἰγύπτοιο
1459 3732 1565 3813 ἤθροισε

240 3837 361 3896 crottum,
375 3835 445 3884 sicut
461 3835 845 3896 arenaquceertcirecorum
890 3819 1015 3896 δυνάμεις
1039 3818 1140 3886 πολλὰς
1167 3821 1203 3886 ὡς
1226 3824 1243 3891 il
1273 3818 1361 3896 ἅμμος
1391 3825 1406 3891 ἡ
1436 3822 1510 3900 πνοὰ
1537 3825 1568 3884 το

241 3926 326 3976 murts
350 3931 374 3974 et
402 3937 484 3972 naves
511 3922 620 3980 multas,
649 3928 672 3969 et
700 3922 846 3983 qrrcerebct
890 3910 978 3986 χεῖλος
998 3913 1045 3980 τῆς
1070 3907 1206 3979 θολοῖοοιιο
1226 3908 1272 3967 mi
1296 3909 1376 3967 πλοῗοι
1405 3911 1491 3969 πολλὰ
1522 3914 1567 3972 ml

242 4014 360 4064 obtinere
379 4026 494 4080 reputem
510 4010 659 4060 Alexandri
676 4009 737 4059 dcto
757 4016 780 4059 et
796 4011 845 4058 ad·
892 3995 1004 4068 ἒζιῖιινοι
1022 4001 1226 4073 ιιοιοοιιροιιῆοιιι
1250 4001 1298 4069 τῆς
1320 3999 1457 4077 βοοιλιῖοιι
1478 4002 1568 4071 Ἀλεξ-

242 4103 302 4152 dere
317 4101 389 4152 illud
404 4114 486 4164 regno
502 4115 560 4149 ruo.
578 4100 602 4150 2.
620 4101 653 4148 Et
668 4100 733 4148 exiit
748 4099 780 4148 r'n
795 4100 846 4162 Sy·
893 4087 988 4162 άνδρου
1014 4084 1083 4166 δόλῳ
1108 4085 1154 4145 καὶ
1175 4091 1328 4166 προσθεῖναι
1354 4088 1435 4158 αὐτὴν
1463 4094 1496 4171 τῇ
1521 4097 1569 4170 βα-

241 4193 312 4256 rr'um
333 4190 422 4240 verbis
443 4189 564 4253 pacificis
586 4196 610 4236 et
639 4187 796 4252 aperiebant
823 4189 847 4235 et
894 4174 1087 4256 arietarent.
1104 4179 1133 4236 2.
1154 4175 1209 4235 Καὶ
1228 4175 1333 4246 illidit*
1353 4180 1390 4246 οἷς
1408 4179 1508 4256 Σορῖοιι
1527 4182 1572 4240 λο’·

243 4280 364 4330 clettam
384 4285 407 4328 et
433 4277 607 4327 occurrebant
629 4278 664 4336 ei,
690 4278 755 4340 quic
769 4289 849 4325 man·
894 4287 950 4340 rot<
969 4265 1106 4343 εἰρηνικοῖς
1130 4264 1175 4323 mi
1195 4263 1299 4342 ἤνοιγον
1318 4269 1389 4344 οὗιῷ
1408 4269 1433 4325 οἱ
1451 4270 1504 4328 ἀπὸ
1519 4272 1571 4328 τῶν

243 4369 357 4421 deerrat
375 4367 528 4417 Alexander
546 4379 592 4414 ree
607 4367 679 4414 exire
693 4366 718 4414 ei
732 4365 848 4425 obuium,
894 4352 997 4410 πολεων
1019 4354 1063 4412 καὶ
1087 4353 1223 4422 συνήντων
1251 4357 1335 4433 αὐτῷ,
1360 4354 1400 4413 ὅτι
1422 4355 1514 4427 revolt,
1539 4349 1571 4429 ἦν

245 4471 272 4506 eo
287 4459 357 4521 quod
371 4469 444 4506 socer
461 4469 524 4504 suus
541 4461 618 4503 esset.
635 4454 661 4503 3.
684 4454 748 4503 Cum
763 4461 851 4502 cutem
896 4440 1070 4519 Ἀλεξάνδρου
1098 4445 1143 4499 τοῧ
1179 4442 1309 4520 βασιλέως
1342 4453 1472 4503 οονοιντᾶν
1501 4447 1573 4527 οὗοῷ

245 4548 372 4607 introiret
387 4547 523 4595 ciuitatem
542 4541 719 4604 Ptolemaeus,
735 4543 850 4606 ponebat.
897 4531 939 4586 διὰ
959 4531 989 4588 τὸ
1008 4529 1130 4609 πενθερὸν
1152 4531 1232 4587 αὐτοῦ
1251 4519 1328 4588 εἶναι·
1350 4533 1380 4590 3·
1398 4527 1450 4599 Ὦς
1470 4535 1499 4592 δὲ
1518 4536 1575 4593 ιῖο-

247 4636 379 4688 οιιειοάίαε
393 4634 511 4684 rnilitum
531 4633 562 4682 in
586 4617 704 4695 sinpulr'r
727 4631 851 4681 civitati·
898 4616 1036 4697 εποριῦιτο
1051 4620 1086 4684 οἷς
1105 4615 1152 4683 τὰς
1170 4617 1288 4686 adlati
1306 4620 1488 4701 Ποολιμοιῖος,
1505 4624 1572 4682 ⁰⁹¹¹&-

249 4725 305 4776 ὑπ’
898 4729 979 4766 treus
1014 4707 1061 4774 τὰς
1097 4705 1220 4783 δυνάμεις
1251 4707 1367 4790 φρουρὰν
1411 4712 1437 4770 ἐν
1472 4713 1573 4793 ἑκάστῃ

898 4795 983 4852 πόλει.
