3625 5367
74 292 136 317 -“·ι

74 320 97 328 ι

62 334 123 368 :71¹

55 366 67 372 v.
89 365 113 387 «¹⁸

70 391 113 410 'V'

87 437 102 455 ,ι’

261 367 321 426 222
766 361 793 418 t.
818 376 912 420 nien.
938 361 1096 432 rato-rs.

306 522 350 583 De
371 515 554 603 Tryphone
575 510 653 577 vide
676 516 787 591 11‚39.
807 515 847 576 5t
868 532 940 599 seq.
964 510 1154 586 Quaerebat
1177 510 1341 578 sefacere
1364 535 1480 600 regem
1502 516 1600 583 Asiae

261 625 284 691 i.
313 646 342 689 e.
373 621 508 708 Syriae;
536 640 643 710 quare
670 616 852 683 extendere
884 638 1027 683 manum
1056 617 1091 682 in
1119 617 1324 685 Antiochum
1352 624 1390 685 Vl
1415 621 1438 686 i.
1461 643 1491 688 e.
1521 645 1600 689 eum

262 729 416 796 occidere
437 725 625 813 cogitabat.
645 729 689 790 De
710 722 879 790 Antiocho
898 722 978 790 vide
1000 729 1114 806 11,39.
1134 729 1187 791 5t.
1207 724 1401 814 Tryphonis
1421 727 1601 794 ambitioni

261 859 332 903 non
355 835 437 901 satis
457 839 530 900 erat
549 853 659 918 regno
678 829 747 910 frui
770 829 836 896 sub
857 829 1018 897 Antiochi
1043 830 1180 897 nomine
1203 836 1236 897 et
1258 831 1451 900 absolutam
1475 835 1539 902 sub
1561 858 1601 901 eo

262 964 417 1009 exercere
437 944 641 1031 potestatem
659 923 818 1027 (Calui.];
835 937 949 1026 ipsum
970 937 1105 1024 regium
1125 959 1250 1003 nomen
1271 938 1464 1006 affectabat.
1487 943 1601 1007 Merito

261 1055 377 1116 autem
397 1048 514 1114 animo
533 1045 694 1112 volvebat
713 1067 747 1110 se
767 1050 1008 1132 usurpatorem
1033 1043 1135 1130 regni
1150 1044 1254 1110 caede
1276 1047 1370 1131 regis
1387 1047 1488 1136 pueri
1508 1070 1601 1114 com-

63 1182 73 1207 .»
92 1157 105 1213 ἵ,
173 1222 178 1231 ,
262 1155 362 1221 missa
379 1154 519 1220 minime
533 1153 692 1238 agnitum
707 1151 750 1216 iri
767 1173 787 1216 a
801 1150 946 1216 ionatha
961 1149 1021 1240 qui
1034 1155 1150 1240 partes
1164 1151 1320 1218 Antiochi
1337 1152 1473 1219 fortiter
1485 1153 1602 1221 tueha-

261 1267 318 1328 tur
339 1266 459 1328 contra
483 1258 587 1327 duces
612 1259 785 1325 Demetrii.
813 1262 922 1334 Quare
942 1256 1038 1345 prius
1060 1257 1175 1346 ipsum
1204 1258 1326 1326 ducem
1352 1259 1555 1328 Iudaeorum
1582 1284 1600 1327 e

55 1363 133 1449 ζ’·
193 1388 195 1391 ’
262 1368 376 1434 medio
397 1366 518 1432 tollere
534 1354 736 1450 'satagebau
758 1371 854 1446 ἐζήτει
878 1370 968 1451 πόρεν
989 1364 1087 1452 quasi
1107 1365 1199 1431 viam
1221 1365 1434 1456 (transitum)
1451 1367 1501 1434 rei
1527 1367 1601 1434 etti-

257 1473 403 1541 'cicndae
418 1471 632 1561 exquirebat,
650 1471 791 1537 modum
808 1471 957 1559 aliquem
975 1476 1009 1536 et
1023 1469 1216 1537 subsidium
1232 1478 1269 1537 ut
1284 1494 1361 1538 eum
1376 1475 1602 1563 comprehen-

261 1580 359 1647 deret
375 1586 409 1646 et
428 1578 601 1668 perderet.
620 1584 724 1656 Quem
745 1578 780 1643 in
795 1577 900 1643 finem
923 1576 1017 1643 venit
1039 1578 1075 1642 in
1093 1578 1238 1644 Bethsan
1258 1578 1280 1647 i.
1300 1603 1328 1645 c.
1347 1581 1596 1670 Scythopotim.

261 1693 347 1754 Eum
362 1707 440 1753 cum
457 1685 608 1752 exercitu
624 1685 766 1764 venisse,
793 1684 862 1750 iam
881 1707 920 1749 ex
934 1688 1050 1771 ἀπάρας
1067 1685 1226 1751 concludi
1247 1691 1369 1774 potest,
1386 1709 1462 1753 eum
1480 1711 1519 1754 ea
1533 1710 1598 1753 ror

261 1816 363 1883 saepe
385 1793 427 1859 de
445 1791 591 1859 ducibus
610 1813 689 1859 cum
704 1790 854 1857 exercitu
871 1789 1078 1857 abeuntibus
1099 1789 1307 1858 adhibeatur
1324 1792 1354 1879 (1
1372 1794 1478 1879 Atach.
1500 1801 1598 1877 3,37;

263 1905 330 1979 ’4,1.
350 1907 386 1979 3;
403 1906 500 1979 5,66;
519 1904 598 1978 6,32
615 1898 710 1983 etc),
729 1902 761 1962 et
776 1902 870 1985 patet
884 1919 924 1962 ex
939 1919 979 1962 eo
995 1897 1087 1986 quod
1106 1898 1264 1964 lonathas
1277 1921 1355 1964 cum
1371 1899 1601 1987 quadraginta

263 2004 429 2085 millibus,
450 2025 527 2069 cum
547 2025 674 2089 magna
693 2023 799 2067 manu
820 2024 931 2090 caque
948 2002 991 2069 ad
1016 2003 1243 2092 pugnandum
1262 2006 1298 2071 in
1315 2006 1388 2072 acie
1408 2003 1545 2090 selecta,
1568 2007 1601 2074 ei

263 2106 456 2178 occurritvI
480 2114 533 2176 ht.
551 2108 714 2198 'tryphon
734 2114 806 2174 tam
822 2130 989 2194 magnum
1006 2109 1192 2176 exercitum
1211 2110 1332 2177 videns
1348 2119 1475 2181 ἐκτεῖναι
1494 2131 1600 2201 χεῖρας

159 2285 163 2292 ,
261 2219 307 2285 ἐπ’
332 2223 419 2285 αὐτὸν
445 2223 594 2298 stipetur,
614 2217 649 2281 in
672 2237 751 2281 eum
777 2234 920 2281 manum
941 2215 1125 2282 extendere
1142 2217 1430 2297 verebatur3non
1450 2217 1600 2286 audebat

65 2312 79 2346 y.

262 2324 452 2413 quidquam
471 2322 599 2389 sinistri
617 2327 702 2390 tunc
721 2321 759 2388 in
777 2341 856 2386 eum
877 2321 1004 2403 moliri,
1027 2343 1105 2388 eum
1126 2323 1430 2412 comprehendere,
1450 2324 1600 2391 emedio

261 2431 393 2498 tollere.
421 2434 470 2497 lta
492 2452 531 2496 ex
553 2435 645 2496 textu
670 2450 797 2515 graeco
817 2433 851 2494 et
874 2432 911 2509 S;
938 2450 953 2494 s
975 2428 1079 2496 habet
1100 2430 1151 2517 (ut
1177 2429 1272 2517 vulg)
1298 2453 1305 2498 :
1329 2430 1415 2496 vidit
1440 2432 1598 2520 Tryphon

56 2627 59 2634 Α
89 2530 100 2558 ”
158 2566 163 2577 ‘
260 2537 342 2627 quia
363 2537 457 2603 venit
472 2542 511 2604 nt
529 2535 728 2603 extenderet
746 2557 888 2603 manum
903 2534 941 2601 in
960 2557 1037 2602 eum
1057 2541 1091 2601 et
1108 2535 1234 2603 timuit.
1252 2541 1376 2602 Verum
1397 2539 1598 2604 sententiam

260 2667 382 2731 graece
404 2666 598 2733 expressam
619 2665 734 2710 rerum
755 2641 945 2709 conditioni
972 2663 1165 2728 congruere
1182 2642 1303 2731 liquet.
1322 2644 1481 2710 lonathas
1507 2644 1598 2709 enirn

260 2757 374 2840 partes
403 2751 565 2816 tuebatur
588 2749 760 2830 Antiochi,
784 2751 881 2815 cuius
904 2747 975 2815 dux
1003 2750 1164 2838 Tryphon
1189 2754 1274 2818 erat.
1299 2750 1393 2816 Unde
1419 2772 1488 2816 non
1513 2758 1596 2828 erat,

261 2880 321 2922 eur
341 2856 500 2921 lonathas
519 2856 661 2922 insidias
682 2860 822 2943 pararet
838 2855 1029 2943 Tryphoni;
1046 2855 1088 2921 de
1108 2855 1297 2944 Tryphonis
1320 2863 1437 2923 autem
1457 2858 1598 2923 consilio

220 3015 224 3022 .
260 2962 330 3028 iam
346 2962 382 3026 in
397 2984 429 3026 v.
447 2966 487 3027 to
503 2960 635 3027 dictum
651 2967 735 3027 erat.
755 2962 822 3027 Sed
839 2982 900 3027 cur
919 2961 1079 3027 lonathas
1094 2984 1171 3028 cum
1188 2968 1284 3030 tanto
1300 2963 1448 3030 exercitu
1464 2964 1597 3029 obviam

261 3067 323 3133 ivit
352 3066 549 3153 Tryphoni?
569 3069 614 3131 Ex
637 3065 679 3131 iis
706 3087 795 3156 quae
821 3065 935 3132 ludaei
962 3088 1110 3154 cousque
1136 3071 1266 3158 experti
1294 3077 1394 3136 erant
1416 3092 1435 3134 a
1461 3069 1600 3156 regibus

263 3172 381 3260 Syriae
397 3173 559 3239 Ionathas
578 3172 703 3238 merito
723 3172 843 3239 timere
862 3177 1009 3261 poterat,
1027 3195 1070 3240 ne
1086 3174 1248 3264 Tryphon
1261 3175 1392 3242 veniret
1410 3175 1454 3241 ad
1474 3198 1598 3242 novum

261 3280 431 3347 servitutis
465 3281 586 3366 iugum
613 3280 740 3368 populo
776 3278 880 3346 lsrael
902 3278 1172 3368 imponendum3
1201 3282 1265 3348 hoc
1292 3288 1330 3348 ut
1365 3287 1597 3372 praecaveret,

267 3386 475 3453 munitiones
501 3387 577 3453 illas
601 3409 634 3453 v.
659 3392 765 3454 35-38
793 3392 1023 3464 exstruxerat3
1053 3409 1173 3453 rernm
1200 3411 1240 3453 err
1265 3387 1336 3454 illis
1359 3389 1441 3478 ipsis
1466 3394 1600 3477 poterat

262 3493 422 3581 Tryphon
438 3494 653 3560 occasionem
669 3494 824 3581 arripere
843 3498 877 3559 et
890 3498 1106 3581 praetextum
1124 3493 1168 3559 ad
1182 3494 1378 3561 libertatem
1396 3495 1598 3563 ludaeorum

262 3599 547 3688 oppugnandam.
573 3605 676 3667 Erant
700 3599 792 3666 enim
810 3598 985 3689 praesidia
1004 3599 1064 3665 illa
1085 3600 1227 3666 totidem
1247 3601 1453 3668 documenta
1474 3601 1600 3691 quibus

262 3706 423 3773 Ionathas
454 3706 574 3774 testari
610 3705 793 3774 videbatur
817 3705 1001 3772 consilium
1028 3706 1164 3795 penitus
1188 3707 1375 3774 abiiciendi
1407 3707 1598 3774 dominium

262 3818 440 3900 Syrorum.
461 3820 541 3880 Erat
563 3813 679 3903 itaque
706 3813 803 3880 ducis
828 3811 1009 3901 prudentis
1034 3813 1221 3881 exercitum
1242 3815 1370 3880 habere
1395 3814 1599 3880 instructum

262 3943 301 3985 ac
334 3926 495 4009 paratum
524 3926 644 3987 contra
675 3921 904 4008 Tryphonem.
931 3923 1088 3985 Ceterum
1118 3921 1277 3988 Ionathas
1306 3943 1384 3989 cum
1412 3927 1602 4009 pugnasset

263 4031 383 4091 contra
406 4026 511 4091 duces
533 4026 706 4104 Demetrii,
730 4025 775 4092 ad
799 4025 947 4091 eandem
968 4047 1124 4115 pugnam
1144 4026 1414 4094 continuandam
1434 4026 1506 4092 sine
1530 4025 1601 4092 ulia

264 4129 457 4218 suspicione
476 4132 651 4220 Tryphoni
672 4134 856 4197 exercitum
876 4130 1047 4198 adducere
1069 4132 1176 4199 videri
1197 4138 1349 4222 poterat3
1372 4155 1479 4222 quare
1503 4137 1602 4199 iona-

264 4238 341 4303 thas
366 4258 405 4301 ex
427 4258 486 4303 sua
514 4243 612 4327 parte
635 4237 838 4327 neutiquam
863 4260 942 4304 eum
967 4237 1011 4304 ad
1035 4237 1235 4305 inimicitias
1262 4241 1463 4328 provocavit
1488 4260 1602 4327 neque

262 4343 387 4412 iustam
405 4343 501 4410 dedit
517 4343 720 4435 suspicionis
736 4366 873 4411 eausam
894 4344 1042 4411 exercitu
1059 4344 1219 4413 adducto

309 4451 470 4540 Tryphon
486 4455 602 4520 autem
621 4451 805 4542 pessimam
827 4457 978 4518 mentem
1004 4450 1147 4530 obtexit;
1170 4452 1360 4519 honoribus
1376 4453 1414 4518 in
1433 4451 1598 4519 lonatban

263 4557 397 4625 collatis
415 4581 493 4626 eum
513 4560 608 4626 omni
626 4559 822 4648 suspicione
841 4556 956 4624 ablata
974 4579 1133 4625 securum
1153 4581 1192 4625 ac
1208 4559 1439 4626 confidentem
1457 4557 1600 4625 reddero

263 4666 375 4732 studet
405 4686 436 4732 r.
469 4671 527 4748 t3;
557 4664 814 4734 commendavit
842 4685 921 4729 eum
951 4664 1071 4731 amicis
1101 4666 1182 4747 suis,
1208 4672 1245 4732 ut
1268 4666 1331 4755 ipsi
1359 4687 1495 4754 quoque
1521 4684 1598 4731 eum

263 4771 476 4839 honorarent
494 4794 603 4862 eoque
618 4777 797 4841 uterentur
812 4770 1045 4851 familiariter;
1062 4771 1160 4839 imos
1178 4772 1286 4840 habet
1304 4791 1311 4839 :
1329 4793 1406 4839 eum
1423 4769 1599 4839 constituit
