3625 5367
779 312 806 368 ⁹3.
831 326 925 371 ulau.
950 312 1110 388 {tutuo
1553 314 1611 372 427

280 459 449 528 ambabus
468 444 627 526 manibus
649 458 845 548 complexus
866 459 1020 548 proiecit,
1043 460 1184 527 incussit
1208 470 1333 529 ἐνέσεισε
1354 472 1393 527 ea
1413 482 1519 550 super
1538 466 1611 528 tur-

174 562 180 571 ’
277 568 352 651 has,
378 566 542 633 invocans
564 566 744 633 Dominum
773 565 862 632 vitae
888 570 922 631 et
947 565 1101 655 spiritus,
1132 571 1170 634 ut
1194 565 1279 633 haec
1307 566 1373 633 sibi
1405 567 1609 635 restitueret.

278 680 378 763 Spem
405 673 522 762 itaque
550 678 584 739 et
609 672 711 739 fidem
740 671 1002 739 resurrectionis
1023 672 1217 761 profitetur.
1244 677 1283 739 Et
1310 672 1348 739 in
1375 672 1445 740 illis
1473 675 1612 742 vocibus

277 782 383 847 vitam
400 779 520 847 finivit.

323 891 394 965 Qua
412 891 539 968 mente,
561 908 630 976 quo
650 884 766 952 animo
787 884 905 953 llazias
925 886 991 952 sibi
1011 891 1156 952 mortem
1177 884 1346 971 intulerit,
1369 893 1490 953 auctor
1508 910 1612 977 expo·

279 994 341 1061 nit.
369 993 514 1061 Putabat
535 993 664 1083 quippe
691 992 811 1061 Razias
834 991 874 1057 iis
903 991 940 1058 in
967 991 1236 1072 conditionibus,
1258 1014 1302 1059 ne
1325 1013 1346 1058 a
1370 992 1520 1060 scelestis
1542 994 1611 1060 illis

278 1106 398 1189 captus
411 1100 557 1186 indigna
569 1098 721 1167 ludibria
737 1098 921 1167 sustineret
934 1097 972 1165 in
987 1097 1212 1184 ignominiam
1226 1098 1405 1185 religionis
1417 1104 1451 1166 et
1463 1102 1607 1189 patriae,

280 1229 352 1275 esse
378 1206 583 1273 occisionem
608 1206 659 1273 sui
683 1204 789 1295 ipsius
813 1202 957 1287 licitam,
987 1206 1181 1286 honestam,
1208 1204 1373 1289 nobilem,
1396 1228 1609 1293 generosam,

191 1362 193 1369 ι
280 1315 353 1381 viro
372 1313 453 1380 forti
468 1335 507 1380 ac
522 1312 632 1379 nobili
650 1311 754 1402 plane
769 1311 923 1398 dignam.
942 1316 1031 1398 Ergo
1045 1311 1232 1406 certissime
1246 1312 1313 1402 ipsi
1325 1334 1523 1402 persuasum
1539 1319 1612 1379 erat

281 1420 348 1487 sibi
368 1442 438 1487 esse
453 1425 599 1487 mortem
615 1418 824 1507 eligendam.
842 1418 879 1485 Id
895 1439 1033 1508 quoquc
1048 1440 1087 1485 ex
1103 1441 1144 1485 eo
1159 1418 1348 1506 colligitur,
1365 1418 1457 1508 quod
1472 1418 1611 1486 exhibe-

280 1532 335 1595 tur
353 1527 407 1595 vir
420 1526 508 1617 piuS,
524 1525 610 1613 legis
625 1530 824 1593 constanter
839 1523 1037 1605 observans,
1055 1525 1117 1614 qui
1131 1547 1151 1591 a
1166 1525 1459 1593 contaminatione
1474 1548 1609 1612 morum

280 1633 554 1719 alienigenarum
576 1632 735 1719 religiose
761 1630 929 1699 abstinuit
950 1636 984 1697 et
1008 1630 1151 1698 iamiam
1178 1632 1368 1699 moriturus
1390 1633 1449 1721 pia
1471 1632 1611 1699 invoca-

279 1740 372 1807 tione
387 1738 445 1805 Dei
463 1738 566 1806 fidem
588 1760 683 1807 suam
700 1738 891 1827 profitetur.
914 1743 1001 1805 llaec
1022 1742 1142 1805 auctor
1160 1738 1265 1804 refert
1286 1742 1438 1805 mentem
1459 1739 1531 1805 eius
1549 1738 1611 1803 de·

281 1846 426 1913 clarens.
444 1848 567 1912 Verum
586 1844 671 1935 quid
687 1846 760 1935 ipse
779 1848 898 1912 auctor
916 1843 958 1910 de
981 1846 1043 1911 isto
1056 1828 1216 1911 'facinore
1240 1844 1378 1927 sentiat,
1397 1866 1466 1910 non
1485 1846 1607 1933 aperit.

280 1952 398 2019 Razias
414 1974 496 2020 suae
511 1950 739 2024 conscientiae.
753 1950 927 2018 dictamen
945 1957 1080 2018 secutus
1095 1957 1187 2018 recte
1202 1951 1285 2038 egit.
1301 1952 1376 2018 Alio
1391 1954 1440 2018 est
1456 1950 1611 2040 quaestio
1681 1994 1684 1997 -

278 2058 423 2126 liceatne
439 2058 477 2125 in
491 2058 688 2126 universum
704 2058 742 2125 in
755 2056 876 2125 iisdem
895 2056 1153 2124 conditionibus
1167 2057 1233 2124 sibi
1249 2064 1393 2125 mortem
1408 2056 1547 2124 inferre.
1569 2096 1612 2105 -

280 2169 325 2232 De
340 2166 404 2233 hoc
418 2165 570 2231 facinore
587 2166 708 2231 llaziae
724 2176 775 2230 sat
791 2164 900 2229 multa
916 2163 1082 2252 praebent
1096 2164 1261 2245 Scrarius,
1279 2168 1361 2252 Lap.
1380 2163 1485 2230 Calm.

538 2408 587 2463 13.
611 2400 709 2464 Indae
722 2419 791 2462 strae
804 2400 947 2479 coufortat
959 2402 1000 2461 ad
1006 2400 1205 2479 perpetuandum
1227 2403 1356 2473 Iar-16.

287 2588 288 2591 ¹
319 2596 390 2655 15,l.
420 2596 541 2645 Nicanor
573 2600 672 2652 autem.
701 2598 729 2641 οἱ
761 2592 887 2655 competit
975 2589 1058 2656 ltu.
1082 2585 1118 2648 Ὁ
1131 2586 1159 2645 δὲ
1172 2585 1297 2663 Νικάνωρ
1310 2586 1469 2663 μεταλαὸὼν
1480 2585 1539 2653 τοὺς
1550 2587 1611 2665 περὶ

281 2684 377 2733 ludam
390 2696 444 2732 esse
459 2684 489 2731 iu
505 2682 571 2731 locis
592 2683 743 2741 Samariae,
758 2681 886 2743 cogitavit
934 2676 976 2734 τὸν
1002 2674 1102 2735 Ἰούδαν
1129 2674 1206 2743 ὄντας
1230 2678 1256 2734 έν
1282 2684 1336 2744 τοῖς
1356 2674 1426 2735 κατὰ
1456 2677 1611 2755 Σαμάρειαν

281 2786 339 2822 cum
353 2774 425 2821 omni
437 2773 538 2835 impetu
551 2772 594 2821 die
607 2770 715 2820 sabbati
727 2770 886 2819 committere
934 2764 1033 2839 τίποις,
1062 2763 1237 2825 έὸουλεύοοιτο
1270 2769 1304 2845 τῇ
1338 2768 1385 2835 τῆς
1419 2762 1611 2830 καταπαύσεως

283 2860 389 2909 δείλαιοι.
409 2860 435 2910 2.
454 2858 563 2910 ludaeis
584 2872 654 2919 uero,
674 2861 721 2922 qui
740 2858 820 2909 illum
838 2870 886 2923 per
931 2853 1020 2933 ἡμέρη
1043 2852 1112 2929 μετὰ
1131 2852 1219 2924 πάσης
1238 2852 1387 2934 ἀσφαλείας
1408 2854 1499 2921 αὐτοῖς
1517 2852 1610 2911 tatae-

283 2949 463 2998 necesritaten
492 2949 682 3011 sequebantur,
707 2948 857 2999 dicentibus
877 2961 885 2995 :
932 2942 996 3000 λεῖν.
1015 2945 1044 3002 2.
1064 2944 1127 3002 Τῶν
1152 2942 1179 3001 δὲ
1200 2947 1260 3002 κατ’
1280 2942 1399 3019 ἀνάγκην
1424 2941 1609 3018 συνεπομένων

281 3051 313 3085 ne
337 3038 378 3086 ita
399 3036 523 3101 ferociter
542 3045 565 3086 ct
587 3038 700 3087 barbare
720 3038 824 3102 leceris,
841 3036 886 3085 red
933 3032 1006 3110 αὐτῷ
1035 3029 1170 3090 Ἰουδαίων
1200 3030 1339 3109 λεγόντων
1367 3032 1500 3107 μηδαμῶς
1529 3029 1611 3096 οὕτως

283 3128 408 3176 bonorem
428 3127 515 3177 tribue
536 3127 590 3175 diei
609 3128 841 3191 sanctificationis,
862 3132 884 3175 et
932 3119 1029 3198 ἀγρίως
1041 3119 1087 3177 καί
1101 3119 1243 3199 βαρὸσίρως
1256 3118 1398 3198 ἀπολέσῃς,
1412 3118 1487 3189 δόξαν
1504 3120 1530 3178 δὲ
1545 3121 1612 3178 ἀπο-

283 3216 385 3265 bouoro
416 3230 474 3264 cum
506 3217 552 3277 qui
585 3216 711 3263 universa
744 3215 883 3277 conspicit.
934 3207 1042 3284 μέρισον
1065 3211 1098 3286 τῇ
1122 3206 1340 3285 προτετιμημένῃ
1371 3209 1422 3267 ὑπὸ
1449 3213 1495 3266 τοῦ
1524 3209 1611 3266 πάντα

283 3304 311 3354 3.
328 3302 378 3353 Itlc
391 3302 489 3366 iniciis
502 3304 692 3364 interrogovit,
707 3304 730 3349 st
743 3309 780 3351 est
793 3308 885 3365 potens
932 3296 1077 3374 ἐφορῶντος
1090 3294 1148 3371 μεθ’
1160 3293 1298 3372 ἁγιότητος
1315 3294 1412 3375 ἡμέρᾳ·
1427 3297 1456 3354 3.
1471 3299 1485 3351 ὁ
1500 3294 1527 3351 δὲ
1542 3319 1611 3374 τρις-

285 3390 398 3441 incoela
415 3392 461 3454 qui
481 3392 624 3456 imperauit
640 3392 686 3453 aqi
702 3390 885 3439 diemscbba-
932 3383 1066 3461 αλιι-η’ριος
1089 3383 1272 3463 ἐπηρώτησεν,
1297 3386 1321 3441 εί
1350 3380 1420 3441 ἔστιν
1451 3386 1477 3441 ἐν
1507 3385 1611 3463 οὐρανῷ

284 3488 379 3529 torum.
399 3478 425 3530 t.
444 3481 476 3529 Et
499 3480 721 3544 respondentibus
740 3470 827 3527 tttts':
848 3485 885 3527 est
933 3470 1064 3542 δυνάστης
1077 3475 1091 3529 t
1106 3469 1290 3551 προςτιταχὼς
1306 3471 1379 3549 ἄγειν
1399 3470 1447 3542 τὴν
1466 3473 1519 3530 τῶν
1539 3471 1608 3530 aad·

285 3570 413 3618 Dominus
428 3570 504 3619 victis
521 3570 576 3632 ipse
591 3570 622 3618 in
637 3568 706 3618 coelo
719 3574 823 3632 potens,
839 3567 885 3629 qui
932 3559 1021 3618 ὄοίτων
1051 3562 1169 3639 ἡμέρανς
1194 3565 1223 3621 d.
1248 3564 1300 3620 τῶν
1330 3559 1356 3619 δὲ
1385 3560 1609 3641 ἀποφηναμένων·

283 3659 362 3707 iussit
376 3660 421 3719 api
433 3659 573 3721 septimam
586 3658 670 3716 ἀίοντες
683 3658 707 3707 5.
722 3664 748 3707 at
763 3656 810 3707 iile
823 3658 883 3705 ait:
931 3647 1002 3708 ἔστιν
1015 3652 1029 3707 b
1043 3648 1139 3727 Κύριος
1154 3651 1205 3718 ζῶν
1220 3650 1298 3717 αὐτὸς
1320 3652 1347 3707 ἐν
1364 3649 1468 3728 οὐρανῷ
1482 3650 1611 3722 δυνάστης

283 3754 307 3796 et
331 3760 377 3809 epo
399 3753 492 3811 patena
520 3761 578 3796 sum
601 3760 681 3811 cuper
705 3754 813 3806 terram,
838 3748 885 3807 qui
931 3735 1082 3804 δκελειίσας
1094 3739 1184 3796 ἀσκεῖν
1195 3740 1242 3809 τὴν
1254 3737 1436 3813 &bauaida-5.
1448 3740 1461 3794 ὁ
1472 3738 1497 3796 δὲ
1510 3736 1608 3817 ἕτερος,

283 3836 384 3899 ιἰιιρειο
415 3837 484 3885 sumt
512 3850 589 3884 arma
620 3842 643 3884 et
674 3835 780 3898 negotia
815 3836 885 3897 repis
931 3823 1018 3904 κάγὼ,
1032 3826 1107 3906 φησί,
1120 3826 1248 3897 δυνάστης
1263 3824 1307 3885 ἐπί
1322 3832 1370 3897 τῆς
1383 3827 1609 3907 γῆςὸπροςτοίσ-

283 3923 402 3987 impteri.
421 3926 518 3974 Tamen
536 3938 592 3973 non
611 3925 728 3973 obtinuit
747 3930 776 3973 ut
796 3924 883 3973 cousi·
932 3937 985 3972 οων
1009 3914 1091 3991 αἴρειν
1115 3914 1185 3973 ὅπλα
1211 3914 1257 3974 καλ
1280 3914 1326 3982 τὰς
1356 3915 1496 3993 βασιλικὰς
1518 3916 1611 3995 χρείας

284 4013 350 4061 tium
364 4014 510 4077 perficeret.
931 4005 1071 4061 ἐπιτελεῖν.
1085 4000 1182 4080 Ὅμως
1201 4006 1230 4061 οὐ
1249 4002 1380 4083 κατέσχεν
1405 4004 1556 4063 ἐπιτελέσαι
1581 4003 1611 4062 τὸ

931 4091 1054 4171 σχέτλιον
1070 4092 1151 4149 αὐτοῦ
1167 4090 1302 4170 βούλημα.

318 4190 343 4240 d.
365 4190 397 4238 lit
421 4190 541 4240 Nicanor
570 4191 676 4253 quidem
702 4204 759 4239 cum
783 4204 885 4238 summa
971 4183 999 4239 a.
1016 4177 1161 4256 Καίδμέν
1179 4181 1305 4260 Νικάνωρ
1326 4180 1609 4257 μετδιπάσηςάλαζο-

282 4278 410 4343 ειιρονδίο
440 4284 539 4329 erectus
564 4280 726 4342 cogitaverat
752 4292 885 4329 rornruune
931 4269 1001 4335 νείας
1018 4271 1175 4348 ὑψαυχενῶν
1200 4270 1337 4347 διεγνώκει
1361 4269 1447 4328 κοινὸν
1471 4272 1524 4327 τῶν
1549 4270 1611 4349 περὶ

286 4368 441 4431 trophaeum
460 4374 576 4416 statuere
592 4368 621 4416 de
637 4367 759 4426 luda;7.
776 4369 885 4417 bacha·
930 4358 974 4417 τὸν
996 4354 1099 4416 Ἰούδαν
1127 4356 1311 4429 συστήσασθαι
1343 4358 1478 4437 τρόπαιον·
1501 4360 1561 4418 ut
1584 4358 1611 4415 δὲ

288 4456 366 4503 baeur
378 4454 732 4528 autemsernperconltdebat
745 4458 885 4507 cumomni
933 4443 1111 4511 Μακκαὸαῖος
1132 4436 1164 4517 ἦν
1187 4446 1363 4512 ἀδιαλείπτως
1391 4445 1521 4512 πεποιθὼς
1544 4445 1613 4520 μετδι

288 4556 332 4607 spe
348 4543 481 4593 auxilium
495 4544 635 4593 sibialleo
649 4546 847 4606 affuturumJS.
861 4553 885 4595 et
932 4534 1020 4605 πάσης
1049 4533 1155 4600 ἐλπίδος
1184 4535 1347 4615 ἀντιλήψεως
1371 4534 1512 4603 τεύξασθαι
1539 4534 1613 4612 παρὰ

286 4631 446 4682 hortabatur
481 4646 541 4681 suos
573 4646 605 4681 ne
639 4631 816 4695 formidarent
851 4636 885 4683 act
931 4628 977 4681 τοῦ
993 4621 1104 4701 Κυρίου.
1120 4624 1149 4682 8.
1167 4622 1221 4682 Καὶ
1243 4623 1392 4701 παρεκάλει
1406 4622 1465 4690 τοὺς
1480 4620 1526 4680 σὺν
1541 4624 1613 4702 αὐτῷ

286 4722 885 4783 aduentumnationum,redinmeutebabe-
933 4710 970 4788 μὴ
986 4711 1085 4769 δειλιᾶν
1101 4709 1148 4782 τὴν
1163 4714 1216 4769 τῶν
1239 4713 1318 4770 ἐθνῶν
1342 4711 1444 4793 ἔφοδον,
1455 4710 1565 4791 ἔχοντα(
1586 4708 1614 4769 δὲ
1697 4783 1703 4789 Δ
1784 4707 1792 4722 γ’
