3625 5367
261 360 317 414 aar}
782 355 811 410 ι.
835 367 927 412 arca.
953 352 1072 424 tat-3.

260 518 283 558 rt
299 525 353 560 non
367 516 425 560 erat
438 511 485 572 qni
497 510 631 558 resisteret
647 509 689 556 ei.¹
993 500 1038 560 nai
1057 503 1105 560 οὐκ
1123 495 1156 575 ἦν
1173 506 1187 559 θ
1209 501 1391 580 ἀντικείμενος
1413 503 1496 583 αὐτῷ.

296 599 320 647 8.
345 599 378 648 Et
411 599 593 660 unusquisqne
626 596 729 646 colebat
764 602 864 644 terrant
933 594 965 651 8,
995 590 1050 652 Καὶ
1073 582 1141 662 ἦσαν
1165 597 1339 671 γεωργοῦντες
1361 589 1408 662 τήν
1432 595 1482 670 γῆν
1505 594 1592 651 αὐτῶν

261 701 337 736 suam
351 703 407 738 earn
424 702 499 751 pate,
1074 681 1134 756 μετ’
1148 681 1263 757 εἰρήνης,

261 785 283 824 et
306 784 379 827 terra
401 777 470 826 luda
494 776 576 825 dabat
600 775 703 838 fructus
724 788 786 822 ειιοε
992 770 1038 827 καὶ
1052 775 1068 840 ἡ
1084 773 1118 844 γῆ
1134 769 1219 828 ἐδίδου
1235 768 1268 826 τὰ
1284 767 1439 845 γεννήματα
1454 770 1543 840 αὐτῆς,

261 875 284 913 et
302 865 378 929 tiana
392 878 548 928 camporum
562 862 779 929 [ractnmrnnm.
992 857 1038 917 καὶ
1063 857 1096 916 τὰ
1120 857 1184 925 ξύλα
1212 861 1264 915 τῶν
1291 856 1388 916 πεδίων
1417 856 1463 915 τὸν
1489 857 1590 934 καρπὸν

1074 947 1170 1008 αὐτῶν.

298 1046 322 1093 a
340 1045 462 1093 Senioree
475 1045 506 1092 tn
516 1044 616 1107 plateis
626 1045 753 1093 sedebant
765 1057 865 1107 omnes,
934 1040 965 1098 9.
995 1034 1173 1114 Πρεσόότεραι
1189 1037 1215 1094 ἐν
1230 1039 1289 1103 ταῖς
1303 1036 1440 1100 πλατείαις
1452 1033 1588 1108 ἐκιίθηντο,

262 1133 330 1182 etde
347 1132 422 1181 bonis
435 1139 522 1182 terrae
537 1133 700 1191 tractabant,
993 1125 1089 1190 πάντες
1105 1124 1165 1202 περὶ
1183 1127 1288 1200 ἀγαθῶν
1309 1124 1530 1200 ἐκοινολογοῦντο,

261 1230 284 1269 et
303 1223 409 1270 iuuenes
431 1222 580 1271 induebant
595 1235 621 1270 se
636 1221 753 1285 aleriam
772 1231 796 1270 et
811 1229 867 1270 rto·
994 1213 1038 1272 καὶ
1059 1218 1084 1271 οἱ
1110 1211 1242 1270 νεανίσκοι
1269 1211 1425 1271 ἔνεδύσαντο
1449 1211 1524 1280 δόξας
1545 1214 1592 1271 καὶ

263 1311 301 1358 tas
319 1310 393 1359 betti.
1074 1300 1168 1368 στολθς
1181 1301 1309 1376 πολέμου.

301 1399 548 1450 terrenitatibus
560 1400 695 1449 tribuebat
708 1401 865 1464 alimonias,
915 1393 966 1452 10.
993 1393 1019 1451 T
1021 1399 1061 1458 αἱς
1078 1391 1186 1449 πόλεσιν
1203 1390 1352 1470 ἐχορήγησε
1375 1387 1517 1466 βρώματα,

262 1496 284 1535 rt
297 1488 473 1537 constituebat
488 1501 542 1548 eas,
558 1494 587 1536 nt
601 1496 686 1538 errent
697 1503 763 1538 oasa
776 1490 866 1538 mant·
995 1480 1040 1538 καὶ
1066 1477 1155 1546 ἔταξεν
1183 1480 1265 1546 αὐτὰς
1290 1479 1316 1536 ἐν
1341 1475 1459 1536 σκεύεσιν
1486 1477 1591 1557 θχιίριο·

262 1577 354 1635 tionis,
1075 1591 1152 1640 σειος,

262 1665 867 1730 quoadueqaenominatarnestnornenaloriae
995 1657 1042 1724 ἕως
1060 1659 1119 1717 ὅπου
1140 1656 1283 1732 ὠνομάσθη
1303 1655 1334 1714 τὸ
1352 1655 1437 1730 ὄνομα
1456 1658 1501 1725 τῆς
1517 1655 1593 1728 δόξης

262 1756 318 1803 eins
336 1768 418 1818 usqne
438 1755 473 1804 ad
493 1764 641 1805 extremum
656 1764 753 1805 terrae.
1075 1748 1154 1805 αὐτοῦ
1169 1743 1218 1810 ior<
1233 1745 1316 1822 ἄκρου
1330 1747 1377 1815 τῆς
1391 1749 1449 1822 γῆς.

300 1843 341 1891 ll.
361 1845 432 1892 Fecit
448 1858 540 1906 pacem
553 1859 635 1910 snper
649 1854 757 1903 terrant,
916 1838 968 1896 ll.
997 1835 1127 1905 Ἐποίησε
1143 1832 1192 1905 τὴν
1210 1834 1316 1911 εἰρήνην
1331 1834 1376 1892 ἐπὶ
1390 1837 1437 1902 τῆς
1453 1835 1509 1908 γῆς,

262 1937 285 1977 ιι
302 1929 417 1980 laetatae
432 1939 468 1980 ert
482 1933 567 1982 lsrael
581 1933 687 1982 laetitia
702 1949 810 1996 nicona.
995 1923 1040 1982 καὶ
1054 1922 1186 2002 εὖρροίνθη
1204 1919 1312 2001 Ἰσραὴλ
1331 1921 1492 2002 εὐφροσύνην
1510 1922 1592 2000 μιγιί·

1074 2014 1136 2080 λην.

301 2106 340 2157 tt.
358 2109 391 2157 Et
405 2109 473 2157 redit
488 2111 671 2171 anaequirqae
686 2111 734 2159 sub
749 2113 802 2160 otte
818 2125 868 2160 sna
916 2104 966 2162 1⁹2.
997 2102 1050 2160 Kal
1070 2101 1190 2160 ἐκάθισεν
1204 2099 1314 2166 ἕκαστος
1333 2098 1384 2158 ὑπὸ
1404 2098 1451 2169 τὴν
1472 2097 1589 2174 ἄμπελον

262 2204 285 2243 rt
301 2197 349 2246 aab
363 2197 480 2262 ficulnea
495 2212 555 2259 rna,
1075 2192 1154 2248 αὐτοῦ
1169 2188 1215 2248 καὶ
1230 2187 1278 2258 τὴν
1293 2191 1376 2255 συκῆν
1391 2191 1482 2262 αὐτοῦ,

262 2294 285 2333 et
301 2300 356 2336 non
367 2294 425 2335 erat
441 2287 488 2348 qni
503 2301 545 2336 eor
558 2295 679 2337 terreret.
993 2279 1039 2337 καὶ
1054 2279 1100 2336 οὐκ
1114 2269 1146 2348 ἦν
1161 2281 1175 2336 ὁ
1189 2277 1308 2358 ε’κροθῶν
1323 2276 1428 2342 αὐτούς.

301 2375 867 2442 13.1)ι[οιιίιίαριιρασιιιιοιιιιρετιεττσιιι,
917 2371 967 2428 13.
998 2367 1052 2428 Καὶ
1069 2367 1185 2433 ἐξέλιπεν
1204 2369 1217 2424 ὁ
1235 2369 1358 2442 πολεμῶν
1376 2364 1470 2431 αὐτοὺς
1485 2365 1529 2422 ἐπὶ
1546 2369 1592 2432 τῆς

265 2477 336 2526 repet
355 2466 467 2514 contriti
492 2473 553 2514 runt
579 2468 609 2515 ιἰι
629 2467 722 2516 diebus
737 2465 806 2516 illis.
1074 2461 1133 2533 γῆς,

996 2545 1040 2604 καί
1066 2547 1089 2604 ol
1116 2547 1234 2623 βασιλεῖς
1263 2541 1455 2621 συνετρίθηααν
1482 2543 1508 2600 ἐν
1535 2542 1592 2609 ταῖς

1075 2631 1187 2710 ἡμέραις
1202 2633 1323 2698 ἐκείναις.

302 2731 341 2780 ll.
359 2734 866 2800 titconfirmaottomnesbnmitespo-
916 2725 966 2783 ll.
995 2721 1050 2783 Kal
1081 2721 1203 2800 icrn'pcae
1236 2720 1337 2786 πάντας
1364 2718 1424 2786 τοὺς
1454 2717 1592 2784 ταπεινοὺς

264 2819 322 2881 ριιίιΙ
339 2821 392 2877 rui,
1076 2816 1121 2869 τοῦ
1135 2813 1200 2869 λαοῦ
1216 2813 1307 2883 αὐτοῦ,

263 2915 286 2953 rt
302 2906 385 2969 tepent
399 2909 556 2970 exquisibit,
995 2899 1038 2960 τόν
1054 2900 1134 2975 νόμον
1154 2896 1305 2970 ἐξεζήτησε,

264 3003 286 3041 rt
301 2994 412 3043 abstulit
432 3009 535 3044 omnem
551 2997 676 3058 iniquum
690 3005 713 3045 et
729 2999 839 3048 matrem.
994 2988 1039 3046 καὶ
1054 2987 1127 3065 ἐξῆρε
1142 2987 1232 3044 ποίντα
1248 2987 1344 3062 ἄνομον
1360 2984 1406 3044 καί
1420 2982 1544 3063 πονηρόν.

302 3083 645 3150 15.Sanetaqlorifieacit,
916 3078 966 3138 15.
994 3075 1038 3136 Τθ
1054 3075 1118 3152 ἅγια
1137 3074 1255 3146 ἐδόξασα,

263 3179 286 3220 et
302 3171 496 3236 multiplicarit
510 3186 577 3223 cara
591 3180 753 3224 sanctorum.
994 3164 1041 3224 καλ
1054 3165 1181 3236 ἐπλήθυνε
1192 3162 1226 3222 τὰ
1240 3161 1320 3232 attin
1332 3167 1385 3220 τῶν
1398 3161 1487 3238 ἁγίων.

305 3366 498 3433 Demetrius
515 3370 540 3431 ll
553 3365 689 3433 Nicator
703 3369 898 3458 appellatus
911 3391 930 3436 a
943 3371 1036 3457 Syris
1052 3369 1096 3435 ob
1113 3369 1289 3434 victoriam
1305 3389 1372 3456 qua
1385 3365 1538 3455 spurium
1550 3359 1594 3429 il-

262 3473 331 3536 lum
349 3471 578 3539 Alexandrum
599 3473 746 3541 eiecerat
763 3475 962 3568 (Appianas,
977 3480 1051 3564 Syr.
1071 3473 1127 3563 at)
1143 3495 1234 3541 anno
1259 3479 1322 3539 tm
1344 3472 1403 3540 sel.
1421 3473 1444 3539 i.
1463 3493 1494 3538 e.
1514 3457 1594 3537 tt't-

263 3584 326 3645 lbb
341 3584 421 3644 ante
442 3579 502 3671 (lh.
525 3601 603 3646 cum
623 3581 773 3647 exercitu
790 3581 875 3649 abiit
892 3584 930 3648 in
945 3581 1098 3650 Mediam.
1116 3585 1199 3649 Rem
1216 3579 1263 3646 ita
1281 3585 1400 3646 narrat
1419 3577 1566 3645 lustinus
1585 3598 1592 3643 :

262 3684 448 3751 adventum
463 3685 536 3752 eius
555 3708 626 3753 non
639 3687 741 3754 inviti
760 3688 906 3755 Orientis
925 3686 1046 3778 populi
1065 3686 1183 3753 videre
1205 3692 1238 3753 et
1257 3690 1398 3777 propter
1415 3683 1596 3751 Arsacidae

264 3790 352 3876 regis
371 3793 574 3860 Parthorum
589 3793 825 3861 crudelitatem
841 3801 876 3862 et
897 3793 994 3883 quod
1010 3794 1117 3860 veteri
1135 3791 1358 3860 Macedonum
1377 3791 1526 3880 imperio
1544 3811 1597 3858 as-

261 3898 347 3963 sueti
357 3899 439 3964 novi
455 3899 575 3987 populi
587 3900 785 3989 superbiam
797 3900 942 3989 indigne
956 3899 1129 3982 ferebant;
1141 3901 1258 3990 itaque
1274 3920 1352 3966 eum
1367 3903 1400 3965 cl
1414 3902 1595 3964 Persarum

264 4012 295 4065 ot
319 4003 556 4089 Elymaeorum
581 4007 909 4096 Bactrianorumque
937 4006 1072 4073 auxiliis
1097 4006 1287 4086 iuvaretur,
1312 4005 1429 4072 multis
1458 4002 1596 4093 proeliis

265 4107 404 4174 Parthos
423 4109 512 4174 fudit
541 4110 634 4199 (lust.
660 4113 767 4200 36,1).
792 4117 838 4178 Εκ
857 4113 1019 4199 gentibus
1035 4113 1152 4180 amicis
1176 4112 1304 4178 arixilia
1327 4110 1394 4178 sibi
1417 4110 1596 4200 acquirere

263 4212 381 4294 voluit,
407 4214 532 4304 quibus
559 4215 744 4285 instructus
773 4217 901 4285 rediret
927 4218 971 4286 ad
998 4219 1184 4287 efficaciter
1214 4218 1442 4308 pugnandum
1476 4221 1596 4283 contra

262 4323 491 4409 Tryphonem.
510 4327 610 4390 Notat
624 4325 800 4414 appianus
819 4346 897 4392 eum
920 4326 1076 4415 exemplo
1096 4327 1261 4392 Nicatoris
1283 4325 1385 4415 primi
1405 4322 1597 4413 expeditio·

262 4451 340 4495 nem
360 4430 553 4518 parthicam
573 4430 719 4497 voluisse
738 4431 920 4520 suscipere.
942 4437 1063 4498 Verum
1087 4455 1139 4499 res
1160 4432 1190 4499 ei
1213 4431 1353 4498 tandem
1376 4429 1467 4497 male
1483 4429 1593 4496 cessit.

265 4564 278 4591 ν
297 4534 348 4601 Ad
362 4541 552 4604 extremum
570 4539 664 4627 pacis
681 4538 900 4605 simulatione
921 4537 1084 4628 deceptus
1106 4539 1254 4628 capitur,
1269 4536 1519 4627 traductusque
1536 4557 1597 4625 per

263 4665 322 4707 ora
337 4643 514 4710 civitatum
528 4645 665 4734 populis
679 4646 738 4734 qui
753 4644 966 4711 desciverant
981 4644 1020 4712 in
1038 4645 1228 4712 ludibrium
1247 4643 1373 4712 lavaris
1388 4640 1593 4710 ostenditur.

265 4748 375 4815 ¹ttissus
390 4750 516 4816 deinde
529 4749 565 4817 in
578 4752 782 4838 Hyrcaniam
797 4750 948 4838 benigne
965 4757 998 4819 et
1009 4751 1101 4819 iuxta
1111 4752 1243 4819 cultum
1257 4751 1421 4842 pristinae
1437 4751 1595 4816 fortunae
