3625 5367
736 313 764 369 l.
788 327 879 372 utcu.
906 313 1064 386 tint-53.
1508 315 1566 376 207
1615 293 1617 298 Ι
1668 297 1671 300 ¹

234 459 337 527 simul
352 468 611 546 congregantur
625 459 670 526 ad
697 481 798 542 eum3
814 461 963 528 rebelles
982 483 1062 528 vero
1077 461 1230 528 videntes
1243 459 1351 528 aciem
1367 462 1565 532 ordinatam

235 568 384 634 militum
403 589 482 632 mox
497 565 732 655 dispersisunt
759 590 822 656 per
834 568 1021 636 civitatem.
1051 568 1169 634 ludaei
1193 573 1308 634 autem
1327 567 1495 658 impetum
1515 571 1567 636 la-

233 675 360 740 cientes
371 673 409 739 in
424 671 672 739 tumultuantes
690 673 861 762 plurimos
877 674 1109 756 trucidarunt,
1128 673 1300 741 civitatem
1324 676 1564 760 accenderunt,

187 791 194 803 “
233 780 342 871 spolia
369 780 522 869 plurima
548 789 757 868 acceperuut
787 787 822 848 et
850 803 968 868 regem
994 782 1037 848 ah
1069 781 1164 848 omni
1195 781 1347 871 periculo
1371 782 1567 850 liberarunt

232 909 266 953 v.
284 893 339 956 h8.
357 885 529 976 Oppidani
543 890 658 953 autem
671 909 705 953 v.
728 892 771 952 te
786 887 941 954 videntes
959 887 1134 955 civitatem
1149 908 1222 954 esse
1238 910 1257 953 a
1271 887 1405 956 ludaeis
1419 905 1566 979 occupa-

232 1001 304 1060 tam
324 1001 359 1059 et
377 1015 496 1059 eorum
512 992 610 1082 quasi
625 992 769 1059 arbitrio
790 993 965 1076 traditam,
984 1000 1097 1061 mente
1113 994 1321 1061 consternati
1335 995 1508 1084 supplices
1522 997 1566 1063 ad
1669 1027 1673 1038 ·
1746 955 1785 1028 23

232 1122 350 1186 regem
363 1100 610 1181 clamaverunt,
634 1103 788 1188 petentes
803 1121 925 1188 pacem
944 1106 977 1167 et
991 1100 1219 1190 postulantes
1238 1105 1275 1166 ut
1288 1100 1493 1168 ludaeorum
1510 1102 1565 1170 in-

234 1204 382 1274 sultibus
402 1203 482 1272 finis
504 1204 743 1294 imponeretur
762 1227 795 1276 v.
814 1214 869 1273 50.
887 1206 1051 1273 Proiectis
1077 1208 1192 1295 itaque
1205 1205 1311 1273 armis
1331 1228 1453 1296 paoem
1472 1209 1564 1275 lece·
1644 1231 1648 1238 ·
1730 1179 1762 1226 '³'

234 1319 331 1395 runl;
347 1335 411 1400 ope
426 1312 632 1379 ludaeorum
648 1312 793 1380 rebellio
813 1321 886 1380 erat
900 1335 1066 1404 oppressa
1081 1319 1114 1379 et
1129 1312 1309 1395 exstineia;
1326 1336 1432 1403 quare
1448 1313 1565 1382 ludaei

234 1440 400 1506 maguam
415 1419 564 1505 gloriam
580 1418 696 1507 adepti
711 1424 791 1486 suut
804 1441 921 1485 eoram
944 1441 1027 1507 rege
1045 1425 1078 1487 et
1100 1419 1138 1486 in
1153 1420 1313 1486 universo
1329 1441 1436 1507 regno
1450 1444 1482 1488 v.
1502 1428 1561 1504 513

235 1546 433 1614 magnaque
449 1524 578 1614 praeda
597 1526 735 1592 onerati
743 1527 874 1593 reversi
886 1532 965 1593 sunt
983 1526 1020 1591 in
1035 1524 1240 1593 lerusalem.·

280 1630 399 1709 Quiete
417 1653 482 1718 ope
505 1632 710 1698 ludaeorum
734 1632 890 1698 restituta
914 1633 1104 1700 Demetrius
1125 1655 1189 1721 per
1213 1631 1355 1720 aliquod
1374 1637 1507 1722 tempus
1528 1634 1564 1700 in
1620 1629 1621 1632 '

1727 1729 1739 1752 ἦ
1747 1751 1749 1760 ι

235 1760 320 1828 pace
345 1738 501 1826 regnavit
526 1761 559 1804 ν.
586 1744 640 1805 52.
663 1743 788 1816 Verum
813 1738 967 1805 indolem
992 1739 1099 1828 patris
1122 1738 1276 1805 imitatus
1300 1739 1443 1827 eiusque
1464 1741 1563 1828 quasi

234 1845 337 1911 heres
351 1844 515 1911 mentitus
536 1855 595 1928 est,
614 1844 754 1932 negavit
778 1867 1016 1934 peractumque
1026 1845 1128 1928 dehic,
1141 1865 1380 1934 quaecumque
1398 1847 1566 1934 promise-

233 1956 304 2033 rat3
322 1950 480 2018 hostilem
505 1950 541 2017 in
570 1953 740 2018 lonathan
763 1951 909 2038 gerebat
928 1951 1099 2032 animum;
1118 1961 1231 2020 ἕθλιΰεν
1255 1957 1354 2031 αὐτόν,
1371 1951 1505 2019 bellum
1531 1952 1565 2019 ei
1644 1947 1647 1952 ’
1702 1922 1780 1954 ί

234 2059 385 2124 minatus
400 2063 462 2138 est,
479 2057 547 2124 nisi
563 2057 695 2126 tributa
705 2059 822 2124 omnia
839 2057 870 2125 ei
886 2057 1059 2138 redderet,
1077 2080 1166 2148 quae
1183 2057 1387 2126 ludaeorum
1403 2079 1488 2145 gens
1505 2059 1564 2125 de·

234 2164 311 2232 huit
325 2188 345 2231 a
364 2164 488 2254 primis
502 2162 622 2251 Syriae
641 2163 783 2250 regibus
800 2165 977 2254 (Iosephus
992 2171 1082 2245 13,5.
1097 2164 1142 2253 3).

279 2270 418 2338 Numeri
439 2269 500 2359 qui
518 2270 716 2337 referuntur
737 2292 768 2336 v.
788 2275 828 2337 05
850 2278 883 2336 et
909 2294 940 2336 ν.
964 2276 1005 2338 08
1026 2261 1161 2337 centum
1183 2270 1293 2338 millia
1315 2271 1505 2339 occisorum
1525 2294 1565 2338 ex

234 2377 396 2467 populari
414 2377 650 2444 aestimatione
670 2384 705 2442 ei
718 2376 903 2443 traditione
930 2376 1120 2444 secundum
1145 2377 1344 2466 opinionem
1369 2377 1478 2464 vulgi,
1495 2399 1565 2466 qua

188 2528 191 2532 ι
235 2485 357 2570 ingens
387 2483 573 2552 multitudo
599 2483 774 2569 designari
800 2484 898 2566 solet,
928 2487 1163 2550 recensentur.
1188 2483 1297 2549 Simili
1318 2483 1423 2550 modo
1445 2491 1564 2573 postea
1592 2569 1599 2582 ι

203 2593 207 2600 ’
235 2590 329 2679 apud
349 2590 492 2657 ludaeos
508 2588 655 2656 invaluit
670 2588 882 2656 consuetudo
905 2589 1088 2657 maximam
1109 2587 1369 2656 multitudinem
1383 2589 1564 2675 designare

235 2718 379 2763 numero
393 2717 512 2764 eorum
527 2696 587 2784 qui
601 2718 641 2762 ex
655 2700 813 2784 Aegypto
826 2695 953 2781 egressi
968 2700 1047 2762 sunt
1060 2695 1131 2762 scil.
1151 2701 1214 2761 600
1223 2702 1288 2761 000
1305 2695 1355 2761 νο]
1377 2695 1480 2762 etiam
1501 2696 1566 2762 du-

234 2802 315 2891 plici
330 2825 473 2870 uumero
491 2824 609 2868 eorum
630 2803 690 2892 qui
711 2825 751 2868 ex
774 2806 930 2890 Aegypto
950 2791 1079 2887 egressi
1098 2807 1176 2869 sunt
1200 2801 1259 2890 (cl.
1285 2800 1478 2885 Chtcolson,
1501 2807 1565 2869 llas

235 2909 334 2976 letzl'e
349 2908 546 2977 Pasaamahl
560 2908 685 2976 Christi
700 2932 733 2997 p.
753 2909 821 2994 ta).

279 3097 284 3108 ι
329 3137 376 3193 10.
397 3133 543 3194 Ionathas
564 3133 602 3191 ab
623 3132 767 3192 Antiocho
786 3151 850 3209 repe
871 3132 1031 3193 lionorains
1043 3131 1171 3208 feliciter
1189 3135 1304 3210 pugnat
1326 3137 1477 3204 tntu-74.

276 3321 365 3381 list.
381 3322 442 3371 Post
462 3322 525 3370 haec
548 3327 635 3370 entem
660 3334 781 3369 resersus
806 3327 844 3368 est
866 3309 869 3321 '
933 3309 1034 3379 tigit.
1054 3305 1128 3364 Μετίι
1144 3303 1171 3363 δὲ
1185 3310 1269 3363 ταῦτα
1288 3305 1438 3388 ἀπέστρεψε
1452 3307 1566 3386 Τρύφων

240 3411 369 3474 Tryphon
380 3416 404 3459 et
420 3409 565 3459 Antiochus
579 3423 639 3458 cum
657 3422 686 3456 eo
702 3422 771 3472 parer
783 3407 845 3456 odo·
891 3393 937 3451 καὶ
952 3393 1090 3472 Ἀντίοχος
1102 3395 1159 3470 μετ’
1177 3395 1257 3452 αὐτοῦ
1272 3395 1411 3472 παιδάριον
1429 3395 1565 3476 νεώτερον,

238 3501 346 3560 isstsns,
372 3505 396 3548 et
425 3499 551 3560 repnooit
579 3506 604 3547 et
635 3497 762 3561 imposuit
791 3495 845 3544 siti
866 3488 903 3611 ρ
890 3507 937 3540 και
927 3479 1108 3542 ἑ6-ασίλιυσι
1123 3483 1169 3540 και
1183 3483 1291 3541 ιπιθετο
1305 3483 1434 3560 διαδημα
1452 3487 1500 3546 65.
1518 3485 1571 3545 Καὶ

237 3589 373 3638 rhodomo.
386 3589 429 3638 55.
443 3587 476 3636 Et
490 3587 721 3649 concrepuissent
737 3586 771 3633 od
787 3597 846 3634 eun
892 3570 1107 3650 ἕπισυνήχθησαν
1127 3592 1191 3650 προς
1211 3571 1288 3628 αύτὸν
1303 3580 1389 3630 πᾶσαν
1405 3575 1432 3630 ul
1448 3575 1569 3650 δυνάμεις

237 3689 326 3726 ornnes
350 3677 488 3736 exercitus,
511 3690 575 3738 qnos
603 3675 768 3739 disperserat
795 3675 845 3723 De·
866 3618 869 3724 l
891 3659 922 3726 ἃς
945 3657 1062 3738 ἄπισιιύρ
1064 3681 1126 3718 πισε
1146 3658 1262 3738 Δημητρ
1265 3682 1311 3728 ιος
1333 3659 1379 3717 καὶ
1403 3659 1571 3736 ἐπολέμησαν

240 3764 360 3826 streis-ins,
377 3772 399 3814 et
418 3772 608 3828 pugnaverunt
625 3771 719 3814 contra
737 3777 805 3822 eum,
822 3769 845 3810 et
866 3731 869 3835 ί
891 3747 956 3825 πρὸς
970 3747 1118 3819 utriustri
1138 3747 1216 3828 ίρυγτ
1231 3748 1276 3806 καὶ
1290 3746 1437 3825 ἐτροπύιθη.
1451 3751 1501 3810 66.
1518 3750 1572 3808 Καὶ

238 3855 310 3918 iupis
338 3861 362 3903 et
394 3860 469 3916 tes-po
498 3854 588 3902 vertit.
616 3853 659 3903 56.
683 3853 714 3900 h't
744 3851 869 3914 occepit
866 3836 1021 3896 ΙΤι’)ιιιύι
1003 3837 1111 3917 Γρύρυιν
1137 3835 1171 3896 τὰ
1197 3834 1274 3914 θηρία
1303 3836 1347 3896 καί
1373 3837 1570 3918 κατιιιρύτησιν
1629 3859 1630 3862 ’

241 3943 370 4008 Tryphon
384 3942 482 3991 bestias
494 3948 518 3991 et
531 3943 649 3991 obtinuit
664 3941 844 3990 Antiochiam.
866 3880 900 3969 ί
893 3926 1071 4005 Αντιοχείας.
1085 3927 1134 3984 37.
1150 3925 1203 3984 Καὶ
1212 3924 1324 4006 ἔγραψεν
1336 3924 1466 4006 Ἀντίοχος
1479 3930 1493 3984 ὁ
1507 3927 1569 3987 νεώ-

241 4032 282 4083 57.
297 4033 330 4082 Et
350 4033 459 4096 scripsit
474 4032 620 4080 Antiochus
634 4029 787 4079 adolescens
801 4033 847 4076 lo-
891 4037 966 4093 τερος
993 4017 1031 4093 τῷ
1060 4013 1186 4074 ’londino
1213 4013 1310 4091 λύγων.
1332 4011 1428 4092 ίστηριί
1457 4039 1497 4076 σοι
1525 4016 1572 4088 τὴν

241 4123 340 4172 nothos
360 4121 450 4171 dicens
465 4131 474 4169 .·
491 4121 629 4170 constituo
650 4119 701 4168 tibi
721 4118 846 4168 socerdo-
892 4101 1095 4210 ἀρχιερωσύνην
1113 4101 1159 4162 καί
1178 4102 1324 4175 καθίστημί
1339 4127 1370 4164 σι
1386 4104 1430 4163 ἐπὶ
1448 4110 1500 4165 τῶν
1514 4130 1573 4165 τεσ-

241 4212 308 4260 tr'um
320 4217 344 4259 et
355 4211 487 4260 constituo
499 4214 521 4256 te
536 4221 617 4272 super
632 4214 761 4270 quattuor
775 4207 843 4256 civi·
892 4194 982 4270 σύρων
995 4194 1082 4269 νομῶν
1095 4189 1141 4249 καί
1153 4181 1222 4250 σίναί
1234 4215 1263 4251 σε
1274 4215 1327 4250 των
1340 4191 1425 4274 φίλων
1436 4217 1482 4254 του
1465 4199 1571 4273 ”βασι-

242 4307 318 4360 intes,
335 4298 654 4359 ntstsdeantctsrepis.
666 4297 708 4345 58.
722 4295 843 4344 Etmisit
891 4280 966 4348 litor.
985 4283 1035 4340 68.
1054 4281 1109 4341 Καὶ
1133 4281 1287 4340 ἀπέστειλεν
1311 4281 1412 4360 αύτῷ
1404 4282 1569 4361 χρυσώματα
1659 4303 1661 4306 ·
1734 4273 1805 4362 *J

242 4388 286 4437 iiii
301 4401 368 4439 noso
382 4401 468 4438 cnseo
482 4387 513 4436 in
531 4385 713 4434 ministerium
731 4390 756 4433 st
771 4383 844 4432 dedit
892 4393 938 4426 και
928 4368 1096 4442 ’,διακονίαν
1108 4367 1154 4427 καί
1167 4369 1301 4428 ίδιοκιν’
1272 4392 1345 4450 αυτιρ
1325 4367 1517 4432 ἐξουσίαν’
1487 4395 1570 4429 πινειν

243 4479 267 4526 ei
279 4483 439 4542 potestatem
456 4473 591 4525 bibendi
580 4489 612 4522 sn
627 4487 693 4522 euro
708 4478 799 4522 siesse
813 4473 845 4520 in
893 4461 918 4516 lv
938 4456 1100 4538 χρυσώμασι
1118 4480 1164 4515 και
1154 4449 1275 4515 ιἐἶναι
1264 4481 1290 4516 εν
1305 4457 1426 4539 πορφύρα
1440 4482 1485 4519 και
1476 4459 1569 4538 ἔχειν

242 4581 366 4631 purpura
383 4572 407 4615 et
423 4566 519 4615 hahere
533 4561 646 4628 fibulum
661 4574 783 4612 ουνιοιιι.
801 4559 843 4609 59.
892 4545 998 4625 πόρπην
1013 4549 1126 4626 χρυσῆν.
1139 4547 1188 4606 66.
1204 4545 1257 4605 Καὶ
1273 4545 1384 4619 Σίμωνα
1400 4545 1490 4606 rhod
1458 4549 1490 4606 ἀδ
1493 4549 1569 4628 alpos

243 4650 746 4719 EtSimonemfrotrsmeiusconsiiinit
756 4649 845 4698 ducens
893 4637 972 4694 αὐτοῦ
991 4632 1137 4705 κατέστησε
1156 4633 1304 4713 στρατηγὸν
1316 4632 1370 4692 ἀπὸ
1381 4639 1428 4706 τῆς
1442 4636 1570 4713 κλίμακος

245 4759 262 4792 ο
277 4746 399 4795 terminis
416 4745 480 4807 Turi
495 4755 577 4805 usque
593 4741 627 4790 cti
639 4742 704 4805 fines
719 4738 842 4802 Aegypti.
867 4794 870 4799 ⁴
891 4723 978 4805 Τύρου
994 4723 1042 4792 ἕως
1055 4725 1108 4782 τῶν
1122 4721 1200 4801 ὁρίων
1217 4721 1365 4801 Αἰγύπτου.
