3625 5367
748 303 774 360 t.
798 318 891 362 unce.
915 304 1054 371 astet-32.
1513 311 1568 369 157

239 456 272 517 ἂν
296 455 398 529 αὐτοῖς
427 460 441 517 ὁ
470 462 573 538 ααιρος
600 463 770 540 ὑπογραφῇ,
791 473 904 540 neque
931 452 1064 518 ludaeis
1095 454 1263 521 incumbit
1293 479 1378 522 onus
1408 459 1570 525 Romanis

238 578 338 646 opem
362 555 550 622 ferentibus
568 557 734 652 praebere
752 558 916 640 triticum,
942 581 1050 640 arma,
1069 563 1261 650 pecuniam,
1280 571 1321 643 ὼς
1342 569 1423 644 ἔδοξε
1448 565 1567 655 ’1)ώμῃ,

238 662 365 729 dicitur
380 661 437 728 hic
451 685 601 752 quoque.
619 664 714 730 Unde
733 665 771 730 iu
787 671 934 756 utraque
954 654 1101 733 foederis
1120 677 1215 755 parte
1238 669 1383 736 arbitrio
1400 675 1569 738 Romano-

235 790 312 835 rum
328 768 547 859 relinquitur,
566 771 648 858 quid
673 770 796 858 inope
822 772 964 838 terenda
991 774 1239 862 praestandum
1262 776 1319 843 sit.
1336 781 1445 853 Quare
1468 779 1572 867 plena

235 875 425 965 aequalitas
438 866 583 942 foederis
596 900 666 943 nou
679 883 847 944 servatur.
861 884 899 944 ln
915 880 1031 968 priore
1046 881 1138 946 euim
1151 882 1292 948 Romani
1307 883 1376 949 sibi
1392 884 1571 951 vindicant

235 983 287 1047 ius
300 982 557 1071 praescribendi
576 983 710 1051 Iudaeis
726 983 827 1072 quale
851 984 1017 1051 auxilium
1038 986 1146 1072 gratis
1169 988 1259 1053 ferre
1280 989 1444 1072 debeant;
1464 991 1502 1057 iu
1518 992 1569 1057 al-

233 1093 309 1155 tera
321 1095 435 1155 autem
454 1095 550 1178 parte
565 1089 659 1180 idem
679 1092 732 1157 ius
753 1111 825 1155 non
844 1091 1044 1158 conceditur
1069 1093 1213 1174 ludaeis,
1228 1117 1347 1160 verum
1364 1096 1400 1161 id
1418 1097 1485 1163 sibi
1502 1103 1569 1166 Ro-

235 1195 332 1261 mani
355 1195 517 1279 retinent,
535 1203 572 1262 ut
593 1196 659 1285 ipsi
680 1201 830 1263 statuant
854 1198 955 1286 quale
976 1198 1142 1265 auxilium
1163 1199 1294 1267 ludaeis
1319 1209 1507 1290 praestent.
1531 1208 1570 1270 Et

236 1301 381 1368 Romani
400 1302 632 1369 observabunt
649 1306 685 1370 τὰ
709 1310 889 1391 ρυλάγματα
911 1322 1002 1373 ταῦτα
1019 1307 1092 1372 sine
1107 1306 1198 1387 dolo,
1216 1306 1364 1389 sincere;
1382 1325 1473 1377 ταῦτα
1492 1311 1565 1378 soil.

233 1431 323 1497 quae
341 1408 407 1499 ipsi
426 1410 493 1477 sibi
514 1410 768 1498 praescribunt,
784 1408 867 1475 dum
891 1412 927 1477 iu
947 1411 1064 1499 priore
1087 1417 1186 1502 parte
1204 1413 1321 1481 ludaei
1335 1417 1371 1482 τὰ
1387 1422 1568 1502 ρυλάγματτ

233 1522 329 1583 αὑτῶν
343 1519 575 1583 Romanorum
590 1516 661 1583 scil.
675 1517 858 1584 observare
874 1517 1049 1586 iubentur.
1064 1522 1130 1586 Hac
1146 1521 1261 1609 itaque
1276 1521 1409 1588 ratione
1424 1525 1569 1591 Romani

232 1643 312 1688 cum
333 1622 464 1689 ludaeis
479 1623 728 1690 constituerunt
744 1645 775 1689 v.
792 1630 846 1690 29.
859 1623 1007 1691 Additur
1020 1647 1052 1690 v.
1069 1632 1109 1692 30
1122 1648 1129 1694 :
1143 1626 1171 1691 si
1187 1626 1273 1714 quid
1280 1640 1363 1716 post
1374 1627 1457 1695 haee
1468 1633 1569 1696 verbu

231 1729 254 1794 i.
276 1751 307 1796 e.
322 1735 503 1818 postquam
525 1729 610 1797 haec
632 1731 817 1796 constituta
835 1736 927 1812 suut,
947 1730 1144 1797 addendum
1166 1739 1225 1799 aut
1250 1733 1460 1801 demendum
1473 1735 1569 1804 vide-

219 1834 339 1916 ·bitur,
353 1834 390 1901 id
409 1858 449 1901 ex
470 1835 650 1902 communi
670 1836 849 1925 utriusque
876 1838 984 1926 partis
1001 1859 1170 1905 consensu
1190 1844 1224 1904 et
1248 1840 1426 1908 voluntate
1446 1842 1516 1923 fiet,
1537 1848 1580 1923 ἐξ,
1604 1905 1609 1916 ,

229 1951 373 2029 αἱρέσεως
396 1948 490 2010 αὐτῶν
507 1965 546 2008 ex
565 1965 731 2010 consensu
751 1965 796 2010 sc.
823 1943 964 2010 alterius
987 1944 1094 2034 partis
1116 1945 1289 2034 (Clausala
1300 1947 1427 2014 similis
1442 1948 1570 2034 legitur

229 2048 353 2136 Polyb.
371 2048 514 2136 7,9‚1·1).

209 2183 212 2186 ⁴
276 2155 427 2222 Foedere
448 2156 514 2222 hoc
532 2154 619 2222 inito
631 2157 730 2223 ludas
748 2157 872 2242 iugum
887 2160 1093 2225 Graecorum
1109 2160 1316 2248 praeprimis
1335 2165 1492 2228 excutere
1512 2162 1568 2228 de-

227 2261 404 2328 siderabat
432 2283 463 2329 v.
491 2267 544 2328 18.
569 2265 684 2350 Neque
707 2263 833 2329 frustra
856 2261 893 2329 id
917 2262 962 2328 ab
987 2285 1029 2330 eo
1054 2265 1242 2354 expetitum
1268 2288 1350 2348 esse,
1377 2267 1568 2334 ostenditur

229 2384 397 2456 responso
410 2367 505 2457 quod
518 2368 625 2455 legati
644 2374 781 2458 praeter
801 2368 951 2436 foederis
974 2370 1219 2438 documentum
1239 2394 1355 2439 secum
1377 2375 1566 2441 attulerunt

229 2498 265 2541 v.
283 2481 337 2543 31.
361 2479 421 2555 323
438 2475 649 2563 scripserunt
661 2475 735 2540 scil.
752 2477 897 2543 Romani
913 2478 1095 2557 Demetrio,
1114 2482 1152 2543 ut
1167 2477 1308 2546 ludaeos
1323 2501 1444 2546 vexare
1460 2479 1563 2547 desis-

230 2587 336 2663 teret;
352 2603 459 2670 quare
479 2587 543 2647 etc.
562 2603 659 2647 voces
675 2588 755 2648 sunt
774 2581 1027 2664 minitantium;
1046 2582 1160 2663 amici,
1183 2584 1263 2649 socii
1282 2583 1363 2650 belli
1381 2586 1561 2674 appellan-

228 2696 290 2753 tur
311 2686 438 2754 ludaei.
456 2686 582 2763 Quodsi
600 2686 724 2753 iterum
750 2709 783 2754 v.
802 2694 844 2754 32
872 2693 991 2754 contra
1018 2710 1137 2774 regem
1157 2687 1274 2756 ludaei
1296 2698 1562 2779 conquerantur,

228 2805 391 2878 ποιήσομεν
413 2799 512 2874 αὐτοῖς
529 2803 581 2878 τὴν
597 2804 703 2882 κρίσιν,
722 2793 787 2883 ipsi
805 2793 949 2862 Romani
967 2794 1036 2860 illis
1050 2794 1104 2862 ius
1117 2795 1275 2877 reddent,
1293 2818 1430 2863 causam
1446 2820 1563 2864 eorum

228 2899 432 2982 tuebuntur,
450 2905 484 2967 et
499 2906 619 2968 contra
632 2922 750 2987 regem
764 2907 854 2967 terra
870 2902 1027 2989 marique
1049 2901 1182 2968 bellum
1197 2912 1329 2990 gerent.
1352 2909 1440 2971 Haec
1455 2905 1565 2972 solum

227 3008 278 3075 ad
298 3030 436 3074 sensum
458 3008 578 3074 reterri
602 3013 694 3090 patet
716 3031 757 3074 ex
771 3008 979 3075 hebraismis
997 3031 1004 3075 :
1027 3010 1149 3096 iugum
1162 3031 1307 3096 gravare
1321 3018 1341 3076 2
1356 3018 1432 3078 Par.
1450 3019 1563 3093 10‚10.

229 3119 290 3196 1t3
309 3114 422 3182 facere
440 3112 609 3181 iudicium
628 3120 710 3181 Gen.
733 3120 960 3194 18,25.1Jeut.
981 3121 1094 3199 1035.
1112 3121 1163 3182 Ps.
1183 3121 1261 3198 99,t
1284 3118 1394 3207 (hebr)
1417 3123 1479 3185 etc.
1502 3119 1566 3185 Sed

227 3227 418 3311 antequam
439 3228 578 3288 senatus
593 3221 789 3288 consultum
808 3221 853 3287 ad
874 3222 1079 3287 Demetrium
1101 3223 1272 3310 perlatum
1293 3232 1394 3304 esset,
1415 3223 1475 3290 ille
1496 3225 1564 3291 iam

227 3325 370 3394 miserat
383 3326 586 3394 Bacchidem
602 3327 646 3392 ad
662 3326 864 3392 bellandum
877 3334 998 3392 contra
1018 3327 1161 3393 ludaeos
1177 3329 1185 3398 t
1190 3327 1303 3417 Lep).

610 3562 658 3617 26.
682 3557 769 3618 Cedit
788 3557 884 3617 Iudae
903 3557 937 3616 m
951 3575 1058 3635 peyna
1079 3562 1191 3632 {td-22.

265 3761 321 3822 9,t.
336 3759 442 3807 Interea
452 3764 481 3807 ut
492 3758 598 3807 audiuit
611 3759 760 3806 Demetrius
773 3758 841 3819 quio
929 3747 991 3818 ut.
1011 3744 1065 3804 Καὶ
1081 3744 1180 3816 ἤκουσε
1192 3745 1344 3826 Δημήτριος
1363 3745 1403 3804 δτι
1421 3744 1500 3804 ἔπεσε
1514 3749 1564 3807 Nt·

230 3849 325 3898 cecidit
340 3846 754 3896 Nicanoretexercituseiusin
764 3859 839 3910 prce·
886 3835 975 3912 κάνωρ
999 3832 1046 3892 καλ
1075 3839 1102 3892 αἱ
1131 3835 1253 3908 δυνάμεις
1280 3835 1359 3894 αὐτοῦ
1389 3837 1415 3892 ἐν
1440 3832 1561 3914 πολέμῳ,

232 3935 278 3998 tto,
307 3938 433 4002 opposuit
463 3936 621 3985 Bacchidem
652 3941 677 3984 et
709 3935 841 3984 Alcimum
886 3923 934 3980 καὶ
957 3923 1101 4002 προσέθετο
1126 3922 1169 3982 τδν
1196 3923 1332 4002 Βακχίδην
1358 3921 1403 3981 καὶ
1430 3923 1474 3982 τὐν
1503 3917 1566 3983 Ἀλ-

232 4039 337 4076 mrsum
357 4026 509 4073 mitterem
529 4024 656 4073 Iudaeam
675 4031 700 4073 et
719 4025 841 4073 dextrum
887 4035 965 4088 κιμον
979 4014 1009 4070 ἐκ
1030 4010 1152 4091 δευτέρου
1175 4013 1333 4072 ἀποστεῖλαι
1354 4013 1390 4078 εἷς
1412 4015 1460 4090 γῆν
1482 4011 1567 4072 Ἰούδα

232 4128 312 4165 cornu
336 4129 394 4163 cum
417 4113 488 4164 iltis.
510 4114 535 4162 2.
560 4115 594 4162 m
616 4114 743 4162 obierunt
767 4115 840 4164 aiom
885 4100 933 4158 καὶ
951 4100 980 4159 τδ
998 4100 1082 4170 δεξιὸν
1101 4101 1179 4180 κέρας
1194 4099 1253 4178 μετ’
1268 4104 1366 4162 αὐτῶν.
1380 4105 1409 4162 2.
1429 4101 1483 4162 Καὶ
1502 4105 1565 4161 ἰπο-

231 4203 436 4264 qaaeaacttjn
456 4201 583 4264 Galqoto,
600 4209 840 4267 etcnatroposue-
888 4189 1019 4270 ρεύθησαν
1048 4191 1106 4250 ὁδὸν
1133 4189 1181 4263 τὴν
1209 4194 1244 4257 εἷς
1274 4193 1403 4266 Γάλγαλα
1425 4191 1471 4249 καλ
1494 4214 1567 4269 παρ-

232 4299 294 4341 runt
314 4294 345 4342 in
366 4291 583 4353 Husotothquoe
603 4298 641 4339 est
660 4291 693 4339 im
710 4291 837 4350 Arbeltis,
886 4278 1012 4338 ενέὸαλον
1039 4280 1083 4337 ἐπὶ
1113 4280 1265 4339 Μαιααλὼθ
1295 4281 1342 4349 τὴν
1369 4283 1395 4338 ἰν
1419 4277 1566 4357 Ἀρὸήλοις

232 4387 256 4428 et
270 4386 466 4445 occupauerunt
481 4395 540 4428 eam
553 4387 576 4429 et
589 4387 759 4444 peremerunt
774 4382 839 4429 ont·
886 4366 931 4425 καὶ
945 4366 1178 4446 προκαταλάῧοντο
1191 4369 1278 4438 ἀὐτὴν
1296 4369 1342 4444 καὶ
1356 4365 1498 4426 ἀπώλεσαν
1511 4370 1563 4447 ψυ-

233 4481 286 4518 αιαο
298 4470 435 4519 tomimam
447 4468 839 4532 multaa.3.1nmemeprtmo
884 4455 935 4535 χὰς
961 4455 1107 4534 ἀνθρώπων
1140 4456 1249 4523 πολλάς.
1272 4459 1301 4516 3.
1328 4456 1382 4516 Καὶ
1410 4459 1456 4514 τοῦ
1483 4455 1564 4531 μηνὸς

235 4561 299 4607 anni
329 4559 464 4608 centesimi
495 4565 519 4606 et
550 4558 768 4620 quinquepesimi
796 4571 838 4606 se·
884 4551 930 4603 τοῦ
953 4545 1059 4623 πρώτου
1081 4543 1153 4612 ἔτους
1175 4551 1220 4602 τοῦ
1242 4543 1363 4623 δευτέρου
1391 4543 1437 4603 καλ
1461 4568 1561 4618 πεντη-

235 4648 312 4696 cundi
332 4647 523 4712 applicuerant
541 4647 686 4694 exercitum
706 4646 741 4694 ad
760 4647 838 4695 Ieru-
884 4639 979 4692 κοστοῦ
1002 4633 1047 4691 καὶ
1069 4637 1213 4693 ἑκατοατοῦ
1237 4634 1416 4713 παρενέὸαλον
1439 4633 1482 4692 ἐπὶ
1509 4631 1563 4694 Ἱε-

233 4733 324 4787 solem.
341 4737 366 4786 t.
383 4737 416 4787 m
431 4741 604 4786 surrexerunt
624 4742 648 4784 et
666 4735 791 4784 obterunt
806 4736 837 4783 tu
885 4723 1035 4802 ρουοαλήμ.
1053 4726 1081 4782 d.
1103 4721 1157 4782 Καὶ
1181 4723 1286 4803 ἀπῆραν
1308 4723 1354 4782 καὶ
1381 4722 1561 4805 ἐπορεύθησαν

1766 4393 1768 4472 t
