3625 5367
656 445 658 449 ¹
723 373 749 431 1.
774 388 866 432 utcu.
890 372 1048 444 tans-21.
1454 375 1510 433 hah

180 528 278 577 tradite
293 541 335 576 eos
350 527 454 577 Simoni
471 526 592 591 principi
606 525 783 586 sacerdotum,
836 520 938 597 Σίμωνι
955 525 993 600 τῷ
1010 522 1129 600 ἀρχιερεῖ
1147 519 1218 588 ὅπως
1235 519 1361 600 ἐκδικήσῃ
1380 523 1406 580 ir
1425 525 1513 591 αὐτοῖς

179 625 208 666 at
223 618 339 667 viridiset
355 618 386 665 in
399 629 441 666 eos
451 615 593 665 secandam
606 615 688 677 legem
698 628 784 663 suam.
833 609 903 668 κατὰ
918 608 961 668 τὸν
977 609 1060 686 νόμον
1074 611 1165 670 αὐτοῦ.

215 707 258 757 ff.
275 708 345 754 ilaec
360 705 450 755 cadem
464 706 566 769 scripta
577 709 639 753 sant
651 705 782 753 Demetrio
874 701 923 758 22.
948 699 999 759 Καὶ
1023 696 1057 756 adt
1081 698 1148 756 αὐτὰ
1177 697 1276 780 ἔγραψε
1300 699 1446 781 Δημητρίῳ
1472 706 1510 780 τῷ

180 797 236 859 cepi
260 802 285 844 et
306 794 396 844 Attalo
418 801 441 843 ct
462 793 608 842 ariarathi
629 799 652 842 ct
676 793 782 852 Arsaci,
835 788 941 866 βασιλεῖ
954 788 999 846 καί
1014 786 1130 867 ’Λττοίλῳ
1149 786 1194 844 καὶ
1213 785 1366 868 Ἀριαράθῃ
1381 789 1425 846 καὶ
1440 788 1508 869 Ἀρ-

178 885 222 935 23.
245 890 268 932 et
289 885 320 933 in
338 896 426 931 omnes
445 885 581 944 regiones,
601 889 624 930 et
640 883 784 946 Lampsaco
833 875 915 956 σοίκῃ,
929 877 977 936 23.
993 875 1040 936 καί
1051 877 1088 943 τίς
1101 876 1189 943 παίσας
1205 876 1251 944 τὰς
1267 877 1357 956 χώρας
1368 876 1414 935 καὶ
1427 879 1512 954 Σαμ-

178 980 203 1021 et
215 972 365 1037 Spartiatis
380 979 403 1022 et
423 973 453 1020 in
465 971 556 1021 Delam
571 978 595 1019 et
614 973 645 1020 in
660 971 786 1034 Hyadum
832 965 910 1044 ψοίμη
929 964 974 1023 καί
992 964 1175 1044 Σπαρτιάταις
1190 966 1236 1024 καί
1253 969 1289 1033 τίς
1305 969 1392 1038 Δῆλον
1409 965 1455 1024 καί
1472 969 1508 1035 είς

179 1069 204 1111 et
222 1063 253 1111 ιἰι
264 1062 406 1124 Sicyonem
425 1067 448 1109 et
467 1062 498 1109 in
516 1044 625 1110 Cariam
644 1067 668 1109 et
687 1061 719 1108 in
733 1061 785 1110 Sa·
833 1053 939 1112 Μύνδον
959 1053 1005 1111 καὶ
1024 1056 1059 1119 εἰς
1080 1055 1202 1113 Σικυῶνα
1218 1054 1263 1112 καί
1285 1057 1320 1122 τίς
1338 1054 1386 1125 τὴν
1403 1056 1507 1132 Καρίαν

180 1163 250 1200 mum
273 1159 297 1200 et
319 1152 349 1199 in
368 1148 559 1213 Pamphyliam
585 1157 609 1198 et
629 1149 783 1212 iniuriam
833 1143 877 1200 καί
892 1143 929 1208 τίς
945 1140 1036 1219 Σοίμον
1057 1141 1102 1200 καί
1117 1143 1152 1210 τίς
1166 1143 1215 1214 τὴν
1234 1143 1398 1220 Παμφυλίαν
1413 1146 1459 1203 καὶ
1474 1151 1509 1212 είς

179 1246 203 1287 et
234 1241 264 1288 in
288 1238 495 1288 Alicarnassam
524 1244 548 1287 et
574 1240 606 1286 in
632 1239 682 1288 Coo
703 1244 728 1287 ct
753 1239 785 1286 in
832 1229 880 1301 τὴν
906 1231 1007 1290 Λυκίαν
1036 1230 1081 1288 καὶ
1107 1233 1143 1296 είς
1166 1229 1374 1310 Ἁλικαρνασσὸν
1402 1232 1447 1290 καί
1474 1235 1509 1297 εἰς

178 1329 262 1377 Side-n
276 1335 301 1376 rt
317 1329 348 1376 in
362 1327 471 1376 Araden
490 1333 513 1375 ct
531 1329 562 1376 in
574 1327 694 1376 Rhodam
713 1329 783 1376 etin
832 1317 925 1378 Ῥόδον
944 1319 991 1378 καί
1008 1322 1043 1386 εἷς
1063 1318 1208 1390 Φασηλίδα
1227 1319 1272 1378 καὶ
1292 1323 1327 1386 εἰς
1350 1323 1396 1380 Κῶ
1411 1321 1456 1379 καί
1471 1323 1510 1388 είς

179 1415 348 1466 Phaselidem
369 1423 393 1465 et
412 1416 442 1464 in
462 1417 606 1479 Gortynam
628 1423 650 1464 ct
671 1417 785 1467 Gnidum
833 1407 915 1479 Σίδην
934 1407 979 1467 καί
998 1412 1035 1474 εἰς
1053 1406 1165 1488 Ἄραδον
1185 1407 1230 1466 καί
1250 1413 1286 1475 είς
1310 1408 1443 1476 Γόρτυναν
1462 1409 1507 1466 καὶ

177 1513 201 1553 et
218 1507 336 1569 Capram
349 1513 373 1554 et
385 1511 516 1567 Cyrenen.
834 1496 929 1556 Κνίδον
944 1495 990 1554 καί
1007 1495 1115 1576 Κύπρον
1129 1496 1176 1555 καί
1191 1496 1328 1575 Κυρήνην.

214 1593 258 1644 rt.
280 1594 435 1658 Eaemplnm
454 1602 542 1644 autem
563 1607 653 1643 eoram
672 1596 783 1660 scripse·
871 1589 922 1646 hh.
950 1585 990 1646 Τὸ
1022 1585 1050 1643 δὲ
1081 1585 1240 1666 ἀντίγραφον
1273 1589 1359 1646 αὐτῶν
1390 1585 1508 1667 ἔγραψαν

176 1690 241 1732 runt
254 1683 359 1732 Simoni
373 1684 495 1747 principi
512 1684 678 1734 sacerdotum
694 1691 717 1733 et
731 1699 783 1750 po·
832 1673 936 1750 Σίμωνι
951 1677 988 1753 τῷ
1003 1677 1133 1755 ἀρχιερεῖ.

176 1771 242 1835 palo
258 1771 427 1821 ludaeorum.

222 1990 362 2057 Lucium
390 1989 564 2057 consulem
587 1990 689 2059 illum
716 2015 749 2058 ν.
779 1998 820 2058 16
849 2013 921 2060 esse
945 1994 1084 2060 Lucium
1108 1994 1330 2084 Calpurnium
1354 1993 1510 2062 Pisonem

178 2097 249 2163 iam
275 2095 363 2164 bene
387 2100 543 2163 veterum
574 2097 734 2166 nonnulli
760 2104 957 2167 statuerant
983 2098 1193 2188 (h'ssherias,
1216 2099 1399 2182 Salienus,
1426 2105 1509 2190 Lap.
1561 2125 1564 2134 ⁴

181 2203 308 2290 Calin.)
325 2209 358 2269 et
373 2204 589 2271 consentiunt
606 2205 813 2272 recentiores
830 2206 892 2294 (ci.
911 2205 981 2293 Κ.)
1000 2211 1030 2272 ls
1046 2206 1162 2274 consul
1178 2213 1251 2273 erat
1268 2212 1332 2272 615
1349 2229 1383 2272 u.
1402 2229 1430 2272 c.
1451 2213 1512 2274 139

179 2316 258 2377 ante
275 2311 334 2376 Ch.
352 2309 376 2376 i.
399 2332 429 2376 e.
447 2311 772 2378 aun0173.17lsel.
792 2334 859 2400 quo
879 2319 1036 2401 temporo
1052 2312 1157 2398 legati
1173 2318 1317 2381 Romam
1331 2319 1510 2380 venerunt.

178 2421 269 2485 Unus
290 2415 491 2497 nominatur
506 2417 640 2500 Lucius,
657 2438 738 2484 nam
756 2417 920 2507 Popillius
934 2423 1073 2500 Laenas,
1095 2417 1169 2486 eius
1189 2418 1225 2484 in
1245 2418 1424 2488 consulatu
1446 2419 1513 2486 col-

178 2524 273 2609 lega,
296 2524 417 2590 eodem
441 2544 532 2590 anno
553 2530 616 2590 615
637 2546 673 2591 u.
695 2547 724 2591 o.
747 2526 784 2591 in
802 2525 1001 2614 Hispaniam
1022 2524 1215 2591 citeriorem
1240 2524 1361 2592 missus
1380 2529 1429 2592 est
1453 2524 1512 2591 ad-

178 2650 298 2696 versus
313 2631 546 2696 Numantiam.
559 2634 606 2696 Eo
619 2631 737 2719 itaque
750 2634 906 2720 tempore
923 2652 1010 2696 unus
1024 2630 1142 2697 consul
1158 2635 1284 2697 Romae
1297 2629 1510 2697 versabatur.

180 2741 225 2803 De
248 2736 413 2826 temporis
436 2736 570 2802 ratione
594 2737 734 2804 adverte
758 2757 887 2804 annum
913 2742 975 2803 176
1000 2736 1062 2803 sel.
1088 2737 1242 2826 incipere
1263 2741 1429 2804 autumno
1452 2742 1513 2803 139

180 2845 259 2910 ante
271 2843 346 2926 Ch.;
369 2842 502 2928 legatos
519 2847 634 2910 autem
652 2845 717 2910 iter
726 2842 913 2911 instituisse
930 2848 1007 2933 post
1027 2865 1080 2910 an.
1107 2849 1171 2911 172
1184 2848 1218 2910 et
1236 2843 1375 2910 rediisse
1396 2851 1458 2912 17t
1475 2866 1514 2910 ex

179 2950 379 3016 narratione
402 2949 484 3015 libri
501 2949 719 3040 nosempatet
742 2950 798 3040 (oi.
824 2956 915 3030 1h‚1.
940 2956 997 3032 16;
1020 2957 1133 3032 15,16.
1153 2949 1221 3039 15).
1238 2950 1515 3018 -Ptolemaeus

181 3060 362 3142 Euergetes
381 3060 420 3136 ll,
442 3057 598 3144 Physcon
617 3080 649 3122 v.
673 3063 714 3123 16
733 3056 954 3143 intelligitur.

224 3162 381 3230 Redeunt
404 3162 510 3248 legati
533 3164 738 3230 ludaeorum
762 3164 807 3230 ab
824 3163 911 3230 urbe
936 3167 1044 3230 Roma
1065 3163 1226 3230 habentes
1247 3163 1408 3252 epistolas
1432 3165 1455 3231 i.
1482 3187 1511 3230 e.

179 3268 229 3335 nti
251 3291 291 3335 cx
310 3290 342 3335 ν.
368 3273 560 3358 happaret,
583 3270 751 3336 habentes
768 3270 966 3358 exemplum
991 3275 1263 3356 transsumptum
1284 3280 1317 3336 co
1338 3273 1513 3355 ἀντίγραφον

178 3380 273 3444 αὐτῶν
298 3374 523 3464 epistolarum
549 3397 639 3464 quae
664 3376 789 3441 missae
813 3381 912 3442 erant
937 3374 975 3441 in
997 3373 1110 3440 varias
1132 3374 1289 3460 regiones
1310 3374 1355 3462 (v.
1383 3375 1512 3462 2223).

177 3481 295 3548 ludaei
315 3482 352 3547 in
375 3482 416 3548 iis
435 3487 671 3569 agnoscuntur
692 3481 795 3547 amici
819 3486 852 3548 et
875 3479 959 3548 socii
981 3480 990 3552 ί
994 3502 1048 3566 gr.
1073 3479 1106 3568 S)
1135 3485 1385 3564 Romanorum
1412 3481 1514 3569 quale

176 3587 308 3655 donum
329 3588 505 3656 attulerint
528 3589 689 3655 omnibus
716 3592 838 3654 notum
860 3588 899 3653 fit
924 3586 970 3654 ad
993 3586 1207 3653 maiestatem
1229 3586 1350 3676 populi
1369 3587 1513 3655 Romani

175 3695 422 3762 declarandam
439 3703 472 3761 et
491 3695 677 3762 maximam
694 3694 990 3775 aestimationem
1013 3693 1172 3782 clypeam
1192 3715 1336 3759 aaronem
1355 3715 1514 3759 ornarant

175 3801 272 3868 millo
292 3802 317 3868 i.
340 3823 374 3869 e.
395 3807 575 3869 7560661.
599 3801 686 3879 Quid
706 3801 810 3888 legati
832 3800 996 3890 petierint
1015 3807 1160 3890 apparet
1180 3821 1218 3865 ox
1238 3822 1272 3865 ν.
1296 3804 1354 3879 19;
1370 3800 1515 3866 Romani

175 3908 333 3976 scribunt
361 3931 404 3975 ne
427 3908 561 3975 ludaeis
584 3908 778 3975 inferantur
804 3908 895 3974 mala
919 3907 975 3997 (ol.
999 3909 1091 3996 6,18)
1113 3928 1196 3972 neve
1216 3904 1346 3972 bellum
1370 3905 1413 3972 iis
1437 3927 1511 3971 mo-

174 4020 308 4096 veatur,
325 4038 411 4083 neve
434 4037 534 4103 opem
551 4015 664 4082 ferant
680 4014 893 4081 bellantibus
907 4019 1027 4080 contra
1047 4013 1201 4080 Iudaeae.
1217 4018 1256 4079 ln
1277 4012 1415 4101 signnm
1428 4013 1513 4078 ami·

174 4122 275 4189 ciliae
301 4121 456 4204 additur,
484 4121 595 4188 visum
619 4143 690 4188 esse
713 4123 868 4211 accipere
894 4121 1072 4209 elypeum;
1097 4122 1134 4186 in
1156 4119 1318 4187 beneficii
1337 4120 1415 4187 loco
1436 4120 1511 4187 scil.

173 4229 431 4297 numerandum
455 4236 516 4310 est,
535 4229 561 4294 si
583 4228 728 4296 Romani
754 4228 869 4294 oblata
896 4227 988 4294 dona
1012 4227 1194 4318 accipiant.
1216 4227 1328 4315 Magni
1349 4227 1515 4294 momenti

174 4333 340 4425 estquod
366 4335 403 4401 in
425 4357 456 4402 v.
479 4341 519 4400 21
541 4334 755 4416 conceditur;
775 4333 941 4430 ‘homines
963 4333 1159 4423 perniciosi,
1181 4341 1292 4418 λοιμοὶ,
1316 4315 1515 4422 pestilentes

175 4441 316 4528 fugitivi
332 4441 494 4508 tradendi
514 4446 592 4507 sunt
611 4441 753 4523 Simoni,
771 4447 810 4507 ut
829 4443 866 4508 in
886 4461 944 4508 eos
963 4438 1154 4508 seeundum
1174 4439 1290 4526 legem
1310 4437 1515 4505 ludaeorum

178 4549 302 4638 (αὐτῶν,
318 4552 351 4637 S)
368 4547 633 4637 animadvertat.
652 4551 689 4612 ln
704 4545 901 4613 foederibus
922 4545 1089 4612 eiusmodi
1105 4546 1208 4612 statui
1227 4566 1327 4634 saepe
1343 4544 1514 4623 solebant;

178 4654 228 4723 ita
247 4657 283 4722 in
302 4655 442 4722 foedere
463 4675 542 4722 cum
560 4652 728 4720 Antiocho
747 4675 754 4721 :
774 4675 891 4720 servos
913 4659 1145 4721 Romanorum
1168 4658 1227 4717 ant
1246 4651 1415 4718 sociorum
1437 4649 1517 4717 red-

180 4761 254 4830 dito
274 4763 461 4830 Antiochus
481 4767 514 4828 et
535 4759 595 4851 qni
615 4762 646 4827 ei
672 4759 914 4841 subiiciuntur,
937 4757 1020 4826 item
1046 4757 1139 4824 bello
1166 4763 1296 4847 captos,
1320 4757 1517 4846 transfugas
