3625 5367
155 309 157 320 Ι
218 337 221 342 ’
266 359 326 421 288
775 361 804 417 2.
829 375 922 419 utcu.
948 357 1087 428 rua-16.

253 532 373 598 ,gnam
394 511 579 577 ediderunt
602 510 798 599 multosque
817 506 1017 575 occiderunt
1038 507 1068 594 (1
1090 506 1196 572 llach.
1221 506 1325 595 aaa),
1350 507 1493 575 minime
1514 531 1604 599 opus

267 617 369 686 estin
388 616 532 705 epistola
555 638 677 702 graece
702 613 828 703 scripta
850 614 893 682 ad
917 612 1154 679 hebraismum
1176 635 1365 680 recurrere.
1388 617 1564 692 Quomodo
1579 641 1602 685 a

267 730 334 791 beo
354 746 431 791 cum
447 723 481 789 vi
496 729 529 790 et
547 721 739 809 ignominia
752 720 851 789 eiecti
865 721 932 788 sint
947 721 1063 786 hostes
1078 720 1138 807 qui
1161 721 1198 785 in
1214 721 1298 786 urbe
1316 728 1433 787 sancta
1447 723 1598 789 furorem

265 829 428 918 bellicum
454 837 687 908 exercuerant,
711 834 872 896 narratur
888 849 921 890 v.
946 832 985 893 13
1005 846 1099 916 seq.;
1123 826 1197 892 scil.
1220 826 1371 915 ille‘ipse
1389 849 1462 910 rex,
1480 836 1602 895 auctor

265 937 424 1029 caedium
445 935 581 1002 illarum
605 936 642 1002 in
664 935 749 1002 urbe
765 939 893 1014 sancta,
917 954 996 999 cum
1010 933 1128 999 amicis
1142 932 1212 998 suis
1232 932 1347 1023 periit.

311 1048 415 1129 Rege,
443 1043 530 1109 duce
553 1041 730 1124 exercitus
757 1041 966 1128 interempto
988 1037 1138 1105 maxima
1157 1039 1271 1105 clades
1289 1039 1356 1129 ipsi
1371 1040 1532 1107 exercitui
1549 1047 1600 1108 est

264 1150 413 1230 inflicta,
433 1148 523 1216 unde
540 1149 575 1215 in
590 1171 621 1216 v.
643 1155 682 1214 13
697 1169 818 1234 graece
834 1150 1039 1228 κατεκὲπησαν
1056 1145 1186 1211 concisi
1200 1151 1290 1224 sunt,
1312 1147 1470 1234 quamvis
1487 1147 1599 1215 solum

266 1256 367 1345 pauci
387 1278 464 1322 curn
482 1277 566 1342 rege
585 1255 622 1321 in
644 1254 812 1343 templum
828 1253 976 1339 ingressi
998 1259 1031 1318 et
1047 1252 1198 1342 percussi
1214 1251 1300 1333 sint3
1328 1258 1362 1318 et
1381 1253 1466 1320 duce
1487 1256 1599 1320 occiso

264 1363 337 1450 ipsc
354 1362 521 1428 exercitus
539 1362 681 1428 cessavit
699 1360 811 1426 videri
828 1359 869 1440 is,
889 1359 943 1426 cui
961 1360 1119 1425 resistere
1138 1380 1239 1424 nemo
1256 1359 1364 1447 possit
1381 1363 1595 1440 ἀνυπόστατος.

262 1473 376 1534 Nanea
396 1474 445 1534 est
464 1471 568 1550 Naue,
592 1466 657 1533 dea
678 1466 770 1556 apud
793 1465 1002 1552 Babylonios
1023 1464 1210 1532 fertilitatis
1234 1469 1269 1531 et
1287 1465 1537 1551 generationis3
1559 1467 1598 1533 in

263 1573 532 1641 cuneiformibus
546 1573 676 1659 legitur
690 1575 739 1639 Na
753 1595 799 1640 na
817 1595 849 1654 a,
871 1579 906 1639 et
922 1576 971 1638 Na
990 1593 1037 1638 na
1054 1571 1113 1639 nai
1126 1571 1184 1661 (cf.
1202 1571 1385 1653 Schrader,
1401 1573 1596 1639 Keilschrif-

261 1691 318 1748 ten
331 1680 403 1748 und
416 1686 453 1748 Α.
472 1685 506 1746 Τ.
524 1684 609 1747 1883
622 1703 655 1768 p.
670 1678 766 1766 t57);
784 1679 914 1764 legitur
926 1680 1016 1746 Νανα
1034 1664 1171 1767 quoque
1185 1679 1223 1743 in
1234 1679 1457 1768 inscriptione
1470 1700 1595 1766 graeca

261 1787 297 1853 in
317 1787 434 1854 Piraeo
464 1807 471 1852 :
505 1787 660 1875 Ἀρτέμιδι
683 1789 772 1853 Nelea
802 1790 957 1868 εὺξάμενει
984 1787 1129 1866 ἀνέθηκαν
1151 1782 1299 1872 (Hert).
1323 1787 1419 1863 Quali
1439 1785 1520 1851 dolo
1539 1785 1595 1851 vel

261 1898 504 1978 stratagemate
519 1892 572 1958 usi
592 1892 662 1958 sint
681 1890 885 1972 sacerdotes
907 1896 1070 1957 narratur
1086 1913 1117 1956 ν.
1134 1897 1188 1958 15.
1212 1897 1265 1958 lo.
1285 1892 1472 1959 Antiochus
1488 1913 1594 1980 opum

261 2021 300 2064 ac
320 1999 544 2086 pecuniarum
565 1998 711 2086 cupidus
728 1995 927 2084 praetendit
945 2019 980 2063 se
999 1996 1099 2062 deam
1119 1996 1158 2062 in
1173 2000 1288 2064 uxoris
1304 1997 1418 2065 locum
1438 2000 1594 2086 accipere

100 2097 129 2180 Ϊ,
170 2193 171 2196 ¹
261 2103 366 2182 velle;
389 2109 426 2169 ut
449 2103 522 2169 scil.
543 2124 624 2191 opes
648 2109 681 2168 et
707 2102 871 2191 pecunias
893 2101 1015 2191 templi
1043 2101 1174 2168 ratione
1201 2112 1234 2170 et
1258 2104 1398 2171 nomine
1417 2103 1505 2170 dotis
1527 2103 1594 2170 sibi

260 2209 465 2299 acquireret.
483 2207 536 2276 Uti
550 2208 731 2276 Herhenne
745 2209 860 2289 refert,
878 2208 990 2275 simile
1006 2207 1091 2296 quid
1106 2214 1225 2277 narrat
1240 2209 1385 2276 Granius
1398 2210 1595 2278 Licinianus

260 2317 302 2383 de
320 2316 442 2383 eodem
460 2315 626 2382 Antiocho
644 2315 835 2404 Epiphane,
856 2316 915 2402 qui
940 2315 1115 2404 Hierapoli
1133 2315 1286 2404 insyria
1303 2309 1480 2383 affirmans
1501 2339 1537 2383 se
1556 2317 1593 2382 in

260 2422 519 2490 matrimonium
539 2421 665 2487 ducere
690 2420 844 2503 Dianam,
870 2422 943 2487 eius
970 2421 1092 2510 templi
1106 2423 1285 2488 thesauros
1307 2423 1374 2489 sibi
1392 2423 1591 2512 arripuerit.

260 2529 368 2596 Affine
395 2527 561 2617 estquod
587 2534 715 2595 Seneca
736 2527 843 2594 habet
874 2547 881 2593 :
909 2555 925 2587 α
949 2549 1027 2594 cum
1051 2528 1215 2596 Antonius
1240 2529 1343 2596 vellet
1369 2553 1403 2597 se
1429 2530 1591 2597 Liberum

259 2642 393 2725 patrem
411 2635 478 2701 dici
492 2640 525 2700 et
539 2634 605 2700 hoc
621 2655 749 2700 nomen
768 2633 889 2700 statuis
909 2633 1081 2701 subscribi
1095 2633 1242 2714 iuberet,
1261 2635 1382 2702 babitu
1404 2658 1539 2726 quoque
1557 2644 1594 2702 ct

258 2743 423 2809 comitatu
444 2741 601 2808 liberum
618 2739 825 2820 imitaretur,
848 2746 1074 2807 occurrerunt
1091 2741 1244 2807 venienti
1265 2742 1297 2808 ei
1317 2743 1538 2811 Athenienses
1558 2748 1593 2808 et

260 2852 401 2916 Διὲνυσον
418 2848 669 2928 salutaverunt;
748 2846 910 2913 dixerunt
932 2846 1146 2936 despondere
1166 2847 1256 2937 ipsos
1274 2848 1311 2915 in
1331 2849 1590 2917 matrimonium

258 2954 440 3022 Minervam
453 2975 550 3019 suam
570 2958 604 3019 et
619 2960 830 3038 rogaverunt
842 2957 880 3018 ut
895 2952 1046 3021 duceret.
1065 2959 1112 3020 Ac
1131 2953 1299 3020 Antonius
1322 2955 1370 3021 ait
1389 2954 1588 3035 ducturum,

257 3061 316 3130 sed
336 3061 423 3128 dotis
442 3057 581 3126 nomine
600 3059 772 3147 imperare
791 3080 826 3124 se
846 3057 913 3123 illis
932 3057 1026 3123 mille
1046 3059 1177 3126 talenta
1194 3089 1210 3121 n
1232 3061 1359 3149 (Oratio
1380 3062 1533 3129 suasoria
1547 3069 1587 3139 1·‚

259 3170 317 3235 Gr.
333 3167 466 3255 Hertz).
1547 3169 1551 3178 '

301 3274 498 3341 Sacerdotes
521 3291 570 3342 τοῦ
594 3261 740 3356 Neorion,
765 3269 886 3362 templi
911 3293 971 3338 seu
995 3274 1181 3340 sanctuarii
1206 3279 1341 3342 Naneae
1362 3298 1444 3364 opes
1465 3275 1588 3364 templi

255 3390 452 3470 proponunt
465 3401 525 3446 seu
541 3378 741 3468 expandunt
754 3377 793 3444 in
809 3378 884 3468 ipso
901 3378 1063 3445 interiore
1080 3381 1292 3462 sanctuario;
1307 3381 1493 3450 Antiochus
1506 3403 1586 3446 cum

256 3485 372 3574 paucis
405 3484 601 3571 ingreditur
626 3485 720 3551 intra
747 3484 916 3550 ambitum
938 3485 1020 3570 sani
1041 3491 1082 3566 εἰς
1108 3499 1157 3554 τὶν
1182 3497 1340 3575 περίόολεν
1364 3507 1414 3556 τοῦ
1444 3498 1587 3572 reperere

255 3594 292 3658 in
308 3597 456 3680 septum,
472 3612 612 3657 murum
626 3590 692 3658 loci
706 3591 840 3671 sacrati,
854 3590 1009 3673 delubri;
1022 3592 1073 3657 illi
1088 3615 1170 3659 vero
1182 3593 1329 3661 simulac
1342 3616 1400 3661 rex
1411 3593 1588 3681 ingressus

255 3707 315 3780 cst,
331 3697 526 3766 clauserunt
538 3697 704 3787 templum
719 3703 753 3764 et
764 3702 975 3787 aperuerunt
990 3699 1129 3766 ianuam
1141 3699 1313 3768 occultam
1326 3718 1376 3769 :aa
1392 3704 1586 3788 paercipaceg

254 3799 437 3885 lacunaris,
467 3805 613 3873 tabulati
644 3809 677 3871 et
702 3802 782 3869 inde
809 3804 969 3891 proiectis
995 3803 1171 3894 lapidibus
1197 3819 1455 3895 συνεκεραύνωσαν
1485 3807 1586 3896 quasi

255 3914 349 3978 iactis
371 3912 574 3980 fulminibus
593 3916 836 4001 percusserunt
852 3909 992 3992 ducem,
1015 3910 1112 3978 addit
1131 3912 1226 4000 vulg.
1250 3925 1281 3980 et
1301 3937 1357 3981 eos
1372 3914 1433 4004 qui
1448 3937 1526 3988 cum
1545 3937 1587 3980 eo

254 4030 369 4101 ercan
387 4040 469 4084 nam
489 4017 525 4083 id
545 4017 701 4104 sequitur
723 4039 761 4082 er
781 4037 907 4100 graeco
928 4039 1066 4105 quoque
1085 4022 1139 4098 τὰς
1159 4023 1302 4107 κεφαλὰς,
1324 4026 1359 4087 at
1378 4029 1430 4104 τὴν
1450 4030 1585 4109 associato

258 4126 322 4208 (55.
349 4123 383 4207 Sl
410 4121 445 4188 id
470 4122 564 4211 quod
584 4125 622 4188 K.
650 4125 705 4188 Ks.
731 4123 949 4210 praeferunt3
975 4124 1055 4189 dein
1080 4126 1171 4192 solus
1194 4150 1254 4193 rex
1280 4129 1454 4214 ingressus
1475 4132 1525 4194 est
1546 4128 1584 4194 in

251 4230 359 4318 ipsam
376 4229 517 4312 cellam;
532 4229 635 4318 pauci
653 4227 795 4295 comites
814 4235 1052 4296 remanserunt
1065 4230 1103 4298 in
1117 4240 1214 4322 septo
1229 4256 1290 4301 seu
1307 4235 1482 4324 peribolo;
1504 4242 1582 4320 μέλη

251 4348 424 4421 ποιήσαντες
455 4336 673 4402 membratim
705 4334 901 4416 concidere,
934 4335 1102 4404 dissecare
1131 4339 1167 4404 in
1192 4347 1322 4429 partes;
1355 4359 1419 4422 τεῑς
1452 4347 1510 4423 ἔξω
1540 4341 1587 4410 iis

250 4443 469 4533 proiecerunt
500 4441 560 4533 qui
588 4442 671 4509 foris
701 4442 853 4522 stabant,
882 4463 950 4530 qua
977 4444 1212 4512 enuntiatione
1238 4449 1498 4514 commendatur
1523 4448 1583 4514 illa

250 4550 353 4617 lectio
373 4559 424 4634 τὴν
447 4559 591 4638 κεφαλὴν,
614 4552 673 4630 ita,
700 4556 739 4616 ut
760 4549 851 4615 solus
874 4570 933 4614 rex
951 4548 989 4614 in
1010 4551 1131 4617 cellam
1152 4553 1326 4640 ingressus
1349 4555 1401 4635 sit,
1425 4562 1458 4620 et
1479 4560 1584 4643 caput

251 4657 324 4723 eius
356 4657 538 4724 comitibus
566 4658 604 4724 in
636 4655 793 4747 peribolo
822 4658 1099 4743 exspectantibus
1121 4659 1164 4725 sit
1198 4662 1401 4750 proiectum.
1439 4666 1585 4751 lnsuper

251 4762 413 4830 suadetur
430 4765 514 4831 baec
528 4764 693 4853 acceptio,
709 4763 790 4852 quia
808 4761 965 4852 explicite
985 4763 1112 4832 dicitur
1127 4788 1206 4834 eum
1224 4790 1302 4836 cum
1316 4768 1435 4858 paucis
1448 4769 1587 4855 ingres·
