3625 5367
754 332 782 391 l.
805 347 897 391 uren.
922 291 1071 400 libbi
1507 335 1565 392 213
1640 299 1649 364 '.

235 495 287 536 tro.
311 485 352 535 lt.
376 484 517 535 noluimus
545 499 610 552 erpo
639 486 713 535 uobis
737 484 841 534 molesti
888 481 999 559 οὐρανοῦ
1020 478 1142 558 βοήθειαν
1161 483 1307 558 βοηθοῦσαν
1329 482 1393 554 ἡμῖν
1410 482 1567 561 καὶὲρρύο-
1598 459 1619 558 ¹·

233 588 396 637 curameque
413 577 507 625 ceteris
526 575 606 623 scetis
622 579 645 622 et
661 575 757 623 amieis
774 587 841 622 nor·
888 567 1032 645 θημενάπὸ
1039 569 1091 626 τῶν
1099 571 1200 648 ἐχθρῶν
1210 570 1288 644 ἡμῶν
1297 569 1567 643 καὶέταποινώθησαν

234 665 286 712 trtr
303 665 335 713 in
350 664 391 712 bis
406 663 529 728 proeliis.
551 663 592 713 15.
609 663 758 712 Habuimus
770 664 841 711 euim
887 661 912 716 οἱ
933 657 1021 738 ἐχθροὶ
1036 661 1123 731 ἡμῶν.
1140 660 1187 718 16.
1202 656 1385 734 Ἰἰπελίξαμεν
1400 651 1444 718 οὖν
1458 659 1569 736 Νουμή-

234 753 265 800 de
281 751 350 800 coelo
369 752 542 800 auxiliumet
560 751 775 801 tiberottsumus
792 765 841 800 nos
887 769 941 805 νιον
963 747 1102 824 Ἀντιόχου
1122 747 1166 804 καὶ
1187 746 1357 826 Ἀντίπατρον
1376 748 1504 814 Ἰάσωνος
1522 747 1568 806 καὶ
1661 749 1669 806 s

233 849 257 889 et
274 840 413 890 humiliati
424 847 486 889 sunt
497 841 603 890 inimici
614 841 712 889 nostri.
727 840 768 888 lb.
782 839 840 888 Ele·
888 835 1093 911 ἀπεστάλκαμεν
1114 835 1178 914 πρὸς
1197 833 1348 912 Ῥωμαίους
1367 835 1593 895 testabantur
1660 869 1663 876 =
1754 849 1786 912 ⁴„

232 930 320 991 pimus
335 931 425 991 itaque
441 930 602 978 Numenium
617 930 742 978 Antiochi
750 912 841 994 'filium
886 923 935 994 τὴν
957 925 1022 1003 πρὸς
1043 921 1137 990 αὐτοὺς
1157 925 1246 1006 φιλίαν
1268 926 1313 982 uui
1336 925 1496 1004 συμμαχίαν
1519 927 1568 995 τὴν

233 1026 258 1066 et
280 1020 450 1081 Anttporrem
473 1019 579 1066 toronis
599 1016 687 1082 fitium
712 1025 737 1066 et
762 1017 841 1065 mirt-
887 1012 1316 1091 προτέραν.17.Ἰ·1νιτειλάμεθα
1337 1005 1381 1072 οὖν
1409 1018 1499 1079 αὐτοῖς
1523 1014 1569 1071 καὶ

234 1120 291 1155 mus
305 1107 341 1155 od
354 1108 486 1156 Romanos
501 1119 631 1156 renouare
647 1106 758 1157 cumeis
774 1107 841 1154 omi·
886 1101 951 1181 πρὸς
969 1105 1039 1179 ὑμᾶς
1058 1105 1216 1182 πορευθῆναι
1235 1101 1282 1160 καὶ
1301 1103 1480 1161 ἀσπάσασθαι
1499 1105 1568 1177 ὑμᾶς

232 1197 327 1245 citiam
339 1203 362 1244 et
376 1196 527 1244 societatem
536 1196 696 1259 pristinum.
712 1195 753 1246 Π.
767 1194 840 1244 Han·
887 1190 932 1249 aab
952 1191 1097 1250 dirodoinus
1116 1191 1177 1265 ὑμῖν
1191 1192 1237 1257 τὰς
1251 1191 1315 1272 παρ’
1330 1193 1407 1266 ἡμῶν
1425 1189 1567 1257 ἐπιστολὰς

234 1284 357 1334 donimus
385 1285 476 1346 itaque
506 1285 544 1332 eis
568 1290 598 1333 ut
624 1271 736 1334 ueniunt
760 1285 841 1332 ettam
887 1279 948 1358 περὶ
973 1283 1019 1350 τῆς
1043 1279 1213 1347 ἀνανεώσεως
1243 1279 1289 1338 καί
1316 1283 1363 1349 τῆς
1389 1278 1568 1360 diripiente<

234 1374 270 1422 ed
284 1386 329 1422 uos
344 1381 368 1421 et
387 1373 507 1422 salutent
527 1387 572 1422 uos
589 1379 613 1421 et
633 1371 748 1422 reddent
767 1373 841 1422 uobis
886 1371 974 1444 ἡμῶν,
991 1371 1039 1428 18,
1052 1369 1107 1427 Καὶ
1119 1374 1164 1426 νῦν
1177 1369 1400 1441 mmmm
1411 1367 1566 1449 ἀντιφωςή.

235 1461 362 1527 eptstolas
387 1468 494 1510 nostres
523 1463 554 1511 de
582 1461 757 1510 innovatione
784 1460 841 1524 fro·
887 1480 974 1523 σοντις
990 1459 1053 1534 ἡμῖν
1068 1458 1132 1536 πρὸς
1145 1465 1241 1518 τοῦτο,

235 1551 373 1600 tenuitatis
390 1557 508 1600 nostrae.
528 1549 568 1600 18.
585 1550 618 1598 Et
641 1563 713 1599 nuno
735 1550 815 1613 benef
831 1575 840 1586 ·

236 1640 311 1688 stetis
324 1639 512 1703 respondentes
527 1638 605 1688 nobis
621 1639 656 1687 od
670 1639 744 1688 boec.

285 1759 524 1825 Emolumenta
541 1781 630 1847 quae
652 1779 802 1848 eousque
817 1758 949 1848 populo
963 1760 1065 1826 lsrael
1086 1760 1253 1849 acquisita
1272 1764 1381 1838 erant,
1396 1757 1497 1826 unice
1511 1758 1570 1824 de-

237 1865 410 1932 bebantur
421 1865 527 1932 variis
539 1864 610 1932 illis
618 1864 656 1932 in
672 1886 781 1951 regno
794 1865 926 1953 syriaco
940 1863 1244 1956 disceptationibus
1254 1865 1463 1954 regibusque
1477 1864 1568 1930 inter
1586 1856 1589 1866 ’

235 1993 271 2039 se
286 1972 328 2038 de
339 1971 576 2039 dominatione
589 1970 821 2059 litigantibus.
839 1958 930 2049 Quae
946 1993 1061 2039 rerum
1077 1972 1228 2041 conditio
1239 1973 1368 2040 ineerta
1378 1993 1441 2060 per
1455 1992 1492 2038 se
1502 1970 1567 2036 mi-

234 2078 327 2145 nime
344 2077 480 2168 plaeere
499 2081 635 2167 poterat
648 2078 722 2144 viro
744 2077 903 2168 sapienti.
923 2083 1031 2156 Quare
1051 2079 1210 2147 lonathas
1228 2079 1367 2146 firmum
1390 2076 1566 2168 quoddam

234 2183 471 2274 prosperitatis
489 2206 529 2250 ae
551 2183 721 2251 libertatis
738 2184 1002 2252 fundamentum
1026 2208 1156 2276 ponere
1176 2184 1407 2252 desiderabat.
1428 2183 1464 2250 ld
1484 2205 1566 2250 vero

234 2313 270 2358 se
285 2291 444 2380 consequi
458 2289 619 2380 sperabat
637 2313 678 2356 eo
696 2290 799 2356 modo
814 2312 884 2379 quo
898 2291 998 2358 ludas
1017 2293 1147 2381 populo
1168 2315 1228 2358 suo
1243 2291 1442 2358 libertatem
1456 2288 1566 2356 vindi-

233 2419 311 2464 care
329 2419 401 2463 non
415 2397 487 2464 sine
507 2418 671 2486 prospero
688 2418 846 2463 successu
866 2397 1023 2464 tentabat
1041 2397 1249 2488 (8‚31)‚scil.
1270 2396 1467 2464 foederibus
1487 2417 1564 2462 cum

233 2505 311 2571 aliis
334 2502 439 2584 initis,
456 2503 583 2592 quibus
602 2503 795 2592 respublica
814 2503 1019 2570 ludaeorum
1040 2510 1116 2570 tuta
1135 2502 1337 2570 redderetur
1355 2508 1389 2569 et
1408 2503 1453 2568 ab
1474 2501 1566 2568 urhi-

233 2609 300 2677 trio
314 2633 354 2676 ac
367 2609 551 2696 tyrannide
567 2630 691 2696 regum
706 2614 868 2696 Syrorum
883 2609 1131 2678 vindicaretur.
1215 2641 1217 2650 r

277 2717 392 2786 Rebus
408 2738 559 2805 eousque
577 2715 682 2803 gestis
701 2721 735 2782 et
751 2716 904 2783 victoriis
925 2718 1106 2805 reportatis
1126 2717 1285 2784 lonatbas
1300 2737 1398 2783 suum
1418 2718 1566 2803 potesta·

233 2829 304 2890 tem
317 2822 467 2890 firmavit
486 2829 519 2889 et
538 2822 641 2889 auxit.
654 2822 750 2890 Unde
764 2822 828 2889 tali
843 2845 958 2890 rerum
977 2823 1173 2891 conditione
1193 2831 1329 2912 tempus
1346 2843 1416 2889 esse
1436 2842 1564 2911 oppor-

234 2936 355 2999 tunum
371 2935 466 2996 ratus
480 2934 529 2995 est
549 2929 592 2995 ad
611 2929 752 2996 foedera
766 2930 1017 2998 concludenda.
1034 2936 1116 2999 Cum
1132 2931 1225 2998 enim
1243 2929 1338 2997 natio
1357 2929 1563 2996 ludaeorum
1656 2923 1659 2934 '

231 3035 332 3104 bellis
351 3036 496 3103 feliciter
514 3035 620 3122 gestis
634 3058 762 3103 nomen
774 3037 841 3103 sibi
857 3037 1056 3128 famamque
1078 3039 1221 3118 fecisset,
1243 3036 1344 3104 facile
1361 3037 1433 3103 eius
1448 3033 1565 3101 amiei-

234 3143 316 3209 tiam
335 3143 601 3231 societatemque
616 3142 704 3209 aliae
721 3143 880 3210 nationes
894 3151 1058 3234 appetere
1077 3168 1137 3212 sen
1152 3144 1305 3233 recipere
1324 3143 1411 3209 vella
1434 3140 1566 3208 censeri

231 3255 400 3339 poterant.
424 3249 460 3315 ld
485 3250 644 3315 lonalhas
668 3248 777 3338 probe
801 3249 979 3330 intellexit,
1003 3250 1075 3317 scil.
1100 3257 1144 3318 ’ἑτι
1164 3261 1177 3318 ό
1201 3261 1302 3336 καιρὶς
1327 3255 1405 3334 αὐτῷ
1428 3263 1565 3333 συνεργεῖ

230 3378 262 3422 ν.
283 3363 315 3436 1,
330 3340 465 3444 tenipus
487 3354 519 3421 ei
536 3356 637 3435 favet,
660 3376 739 3421 eum
754 3377 794 3420 eo
810 3355 909 3443 quasi
926 3362 1144 3444 cooperatur,
1162 3355 1194 3422 ei
1210 3353 1294 3421 utile
1314 3361 1375 3420 est.
1393 3357 1480 3429 Quos
1496 3353 1563 3418 ele-

230 3462 321 3549 gerit
343 3467 486 3530 Romam
507 3459 706 3541 mittendos,
722 3459 884 3526 discimus
898 3483 931 3528 v.
952 3467 1009 3542 1o3
1028 3462 1131 3527 mittit
1148 3484 1206 3528 eos
1222 3460 1464 3540 affirmarent,
1483 3459 1506 3525 i.
1530 3481 1560 3524 o.

232 3573 438 3637 renovarent
460 3567 581 3634 foedus
606 3571 712 3633 antea
731 3566 952 3646 conclusum,
972 3575 1010 3633 ut
1031 3567 1221 3634 amicitiam
1249 3571 1481 3634 Romanorum
1505 3587 1563 3652 po·

230 3674 314 3764 pulo
334 3674 566 3742 conciliarent.
589 3678 734 3763 lnsuper
753 3695 784 3740 v.
803 3680 823 3738 2
845 3673 888 3741 ad
909 3673 1097 3763 Spartiates
1117 3695 1253 3763 quoque
1277 3679 1310 3739 et
1335 3672 1377 3738 ad
1398 3671 1466 3737 alia
1488 3671 1565 3736 loca

231 3780 323 3848 misit
341 3780 502 3848 Ionathas
520 3780 683 3870 epistolas
702 3779 853 3847 eiusdem
877 3779 1084 3867 argumenti,
1109 3779 1262 3848 eiusdem
1278 3778 1422 3858 formae,
1438 3779 1513 3844 κατὰ
1529 3780 1564 3843 τὰ

233 3893 318 3969 atra,
336 3888 409 3954 soil.
428 3885 479 3953 uti
495 3908 557 3976 per
572 3888 704 3974 legatos
724 3887 882 3955 Romanis
901 3887 992 3954 misit
1005 3887 1198 3976 epistolam,
1221 3907 1288 3975 qua
1303 3885 1564 3951 renovationem

229 3993 379 4062 foederis
395 3993 588 4081 expetebat,
608 3993 655 4058 ita
674 3993 766 4060 idem
779 3993 824 4060 ab
840 3993 915 4059 aliis
928 4015 1066 4082 quoque
1083 3993 1282 4060 nationibus
1302 3989 1508 4081 postulabat.

276 4099 393 4187 Legati
417 4099 453 4165 in
477 4105 597 4166 senatu
620 4105 749 4167 Romae
773 4101 904 4188 excepti
929 4107 1009 4167 sunt
1029 4108 1062 4167 et
1084 4099 1176 4189 quod
1202 4099 1368 4190 petebant
1393 4097 1566 4164 consecuti

233 4213 323 4288 sunt;
337 4207 482 4295 insuper
495 4229 528 4271 ν.
548 4210 566 4270 b
584 4206 630 4271 eis
648 4204 797 4272 traditae
817 4213 896 4272 sunt
913 4207 1080 4295 epistolae
1096 4207 1138 4274 ad
1156 4208 1377 4293 magistratus
1392 4205 1565 4271 variarum

232 4315 413 4401 regionum
438 4325 513 4399 προς
534 4317 640 4392 αὖτοὺς
661 4314 735 4379 κατὰ
762 4319 862 4396 etacio,
880 4313 925 4380 ad
944 4336 1002 4380 eos
1021 4313 1082 4402 qui
1104 4318 1289 4402 praeerant
1309 4310 1454 4396 singulis
1480 4308 1566 4373 loeis
1648 4317 1652 4324 '

234 4420 278 4486 ad
295 4443 384 4510 quae
401 4420 468 4486 iter
482 4417 645 4484 facientes
663 4421 863 4506 perventuri
881 4426 1004 4500 essent,
1028 4418 1204 4504 utlagatis
1221 4439 1321 4506 opem
1342 4415 1562 4503 praeberent,

233 4549 291 4593 eos
305 4531 528 4616 protegerent
544 4525 611 4591 iter
625 4523 789 4590 facientes
803 4523 841 4590 in
861 4525 1035 4606 Iudaeam,
1054 4531 1089 4590 ut
1105 4545 1221 4590 secure
1240 4529 1272 4589 et
1288 4542 1364 4588 oum
1380 4543 1464 4609 pace
1483 4543 1565 4608 pro-

233 4633 479 4700 iioiscerentur.

277 4742 437 4830 Sequitur
456 4751 488 4807 :e
504 4742 692 4827 ivri-:papea
705 4738 880 4825 exemplar
893 4737 1057 4826 epistolae
1073 4732 1254 4826 Spartiatis
1269 4734 1402 4801 missae.
1417 4733 1564 4822 Inscrip-
