3625 5367
691 359 699 368 ¹
755 405 783 462 ι.
806 387 1049 498 euenisse„
1149 423 1152 431 =
1500 414 1559 473 nee

223 555 326 620 betur
339 553 378 619 in
392 552 503 620 Modin
522 557 677 643 tempore
697 576 767 644 quo
786 560 904 621 auctor
925 555 1053 621 librum
1074 556 1166 622 huuc
1183 558 1433 648 composuit-
1448 583 1555 651 erepere

222 661 259 726 in
278 659 371 726 herne
393 659 496 740 diem,
513 682 582 750 que
607 660 775 728 sententia
799 660 935 748 longius
958 662 1180 730 intervallum
1198 667 1361 754 temporis
1380 666 1554 736 indicetur

218 767 311 834 inter
328 767 534 833 erectionem
555 771 589 833 et
610 767 701 833 diem
726 766 944 834 hodiernum.
964 773 1008 836 De
1030 769 1271 862 pyramidibus
1291 775 1452 862 Iosephus
1470 775 1553 842 scri-

218 872 270 940 bit
286 893 293 940 :
311 879 406 941 niuei
422 884 511 962 μέχρι
530 882 615 962 δεῦρο
630 877 782 954 σώζονται.

262 985 298 1046 ln
319 980 533 1047 Onomastico
547 980 668 1048 Euseb.
686 971 776 1047 Hierss
792 980 943 1067 legitur:
966 981 1109 1049 Mudeim
1129 985 1223 1050 vicus
1241 986 1333 1052 iuxta
1348 987 1548 1078 Diospolin,

217 1086 309 1153 unde
329 1087 471 1153 fuerunt
494 1087 700 1166 Mechebeei,
727 1109 874 1176 quorum
900 1087 1074 1178 hodieque
1095 1089 1225 1156 ibidem
1250 1092 1410 1180 sepulcre
1437 1086 1550 1161 mons-

217 1197 369 1273 trantur3
383 1188 423 1260 ὦν
438 1199 486 1260 καὶ
500 1196 537 1261 τόν
553 1204 691 1277 μνήματα
712 1197 753 1274 εἰς
773 1203 816 1262 ἔτι
834 1211 884 1263 νῦν
905 1201 1082 1264 δείκνυνται.
1093 1193 1282 1286 ¹Postquam
1298 1203 1333 1266 P.
1346 1178 1549 1266 Emmanuel

217 1303 343 1366 Forner
373 1322 412 1365 ex
444 1299 579 1366 familie
607 1299 848 1386 religiosorum
872 1306 905 1368 S.
932 1301 1102 1368 Freneisci
1130 1304 1243 1370 vicum
1278 1304 1481 1396 hodiernum
1510 1305 1548 1372 ul

218 1404 347 1472 Medieh
376 1409 410 1472 et
437 1405 554 1473 ruinas
580 1405 628 1473 ibi
661 1413 815 1496 repertus
842 1407 888 1474 ed
916 1407 1025 1474 iiodin
1055 1409 1336 1477 Mechebaeorum
1373 1414 1546 1500 pertinere

218 1512 419 1595 enuntiavit,
437 1512 564 1579 Guerin
577 1512 628 1596 ibi
641 1515 877 1581 excusationes
892 1513 1065 1581 faciendus
1080 1517 1210 1582 curavit
1225 1521 1258 1583 et
1272 1519 1309 1583 in
1328 1517 1438 1585 ruinis
1457 1541 1545 1609 quee

217 1623 384 1685 vocentur
400 1618 552 1686 Kherbet
568 1618 599 1685 el
618 1618 747 1687 uedieh
767 1626 860 1686 cerie
884 1620 1012 1710 reperit
1031 1621 1178 1708 vestigio
1198 1625 1409 1690 mouumenti
1429 1624 1547 1714 sepul-

217 1724 318 1792 cralis
346 1726 640 1793 uachahaeorum.
672 1730 717 1793 Ee
741 1726 903 1793 describit
935 1728 972 1793 in
996 1733 1109 1795 ltevuc
1142 1728 1410 1820 archiologique
1443 1737 1541 1811 1872,

217 1835 257 1912 ii,
286 1853 320 1920 p.
349 1837 413 1898 tm
441 1853 513 1921 seq.
541 1831 635 1911 etin
658 1854 761 1922 opere
788 1853 795 1898 :
821 1833 1035 1923 Description
1063 1834 1105 1901 dc
1131 1835 1164 1902 la
1184 1834 1373 1917 Palestine,
1392 1836 1544 1904 Sumerie

216 1942 256 2019 u,
273 1959 307 2026 p.
329 1944 428 2006 ,τε-ιιι
442 1945 524 2027 etp.
540 1943 701 2004 eon-teo.

535 2166 564 2222 4.
586 2160 686 2222 δίνεον
699 2167 801 2240 parter
821 2161 964 2222 Demetrii
983 2162 1061 2240 clepit
1083 2169 1235 2238 luel-40.

253 2349 341 2410 esst.
359 2349 489 2414 Tryphon
513 2357 601 2400 autem
622 2365 681 2400 cum
701 2352 753 2400 iter
774 2349 819 2414 sa·
907 2339 1095 2412 13,31.Ὁδί
1115 2340 1229 2420 Τρύρυιν
1239 2341 1379 2422 ἐπορεύετο
1391 2341 1459 2421 δόλῳ
1472 2342 1541 2418 μετὰ

215 2445 282 2488 cerei
313 2453 371 2488 cum
398 2439 529 2488 Antiocho
555 2452 616 2502 repe
644 2439 818 2497 adolescente,
865 2427 999 2508 Ἀντιόχου
1028 2433 1072 2488 τοῦ
1106 2429 1235 2507 βασιλέως
1265 2435 1311 2506 τοῦ
1339 2429 1464 2510 νεωτέρου
1494 2432 1543 2490 καί

215 2527 275 2576 doio
294 2527 390 2576 occidit
410 2541 480 2577 eum.
502 2527 544 2578 tt.
562 2527 596 2576 iit
614 2521 739 2590 repnaoit
765 2527 819 2577 ioco
866 2515 1018 2575 ἀπέκτεινεν
1043 2516 1130 2576 αὐτόν·
1149 2519 1197 2577 32.
1218 2519 1262 2576 καὶ
1286 2517 1463 2598 ἕόασίλευσεν
1478 2522 1536 2577 ἀντ’

214 2617 270 2664 eius
285 2623 310 2665 et
324 2617 454 2679 imposuit
474 2617 528 2665 sibi
550 2616 675 2666 diadema
696 2602 776 2665 Asiae
796 2623 820 2665 et
866 2607 947 2663 αὐτοῦ
962 2605 1006 2662 καί
1020 2603 1154 2685 περιέθετο
1166 2606 1195 2665 τδ
1208 2605 1326 2683 διάδημα
1341 2611 1388 2678 τῆς
1399 2606 1485 2673 Ἀσίας
1498 2607 1549 2666 καί

215 2701 279 2768 [ecit
299 2704 412 2768 plepem
430 2718 558 2767 maenum
577 2705 608 2753 in
627 2712 710 2754 terra.
727 2704 770 2754 33.
787 2704 820 2752 iit
866 2693 975 2764 ἐποίησε
990 2693 1096 2768 πληγὴν
1109 2695 1227 2772 μεγάλην
1240 2695 1284 2754 ἐπὶ
1295 2698 1342 2765 τῆς
1353 2699 1411 2772 γῆς.
1419 2697 1468 2755 33.
1484 2697 1544 2756 Κοί

213 2793 367 2858 aedificavit
396 2794 491 2842 Simon
519 2793 662 2856 praesidia
693 2793 818 2852 Iudaeae,
865 2781 1020 2863 ᾠκοδόμησε
1041 2782 1133 2858 Σίμων
1155 2781 1189 2842 τὰ
1212 2779 1374 2863 ὀχυρώματα
1398 2789 1445 2855 τῆς
1467 2782 1538 2845 ’lou-

213 2883 338 2931 munieut
361 2895 393 2932 εο
415 2881 537 2932 turribus
557 2881 668 2932 succisis
689 2888 713 2930 et
735 2883 820 2930 muris
866 2869 941 2939 δαίας
964 2871 1011 2930 καί
1034 2871 1208 2952 περιετείχισε
1232 2873 1341 2952 πύργοις
1362 2875 1471 2952 tinini<
1494 2873 1543 2933 αεὶ

213 2971 320 3032 αισριιίε
336 2977 361 3019 et
379 2971 467 3035 portis
486 2975 510 3018 et
528 2972 606 3031 seris,
620 2975 644 3019 et
658 2971 749 3034 posuit
765 2971 821 3018 cii·
866 2959 967 3039 τείχεσι
982 2960 1107 3040 μεγάλοις
1123 2962 1169 3020 καί
1187 2958 1284 3028 πύλαις
1303 2960 1347 3020 καί
1367 2961 1475 3042 μοχλοῖς
1494 2962 1541 3021 καὶ

214 3064 303 3108 menta
328 3061 359 3108 in
386 3055 593 3109 munitionibus.
618 3057 660 3108 tt.
682 3060 715 3108 iit
740 3058 820 3122 clepit
866 3048 940 3110 ἔθετο
963 3049 1093 3128 βρώματα
1116 3053 1143 3108 ἐν
1162 3054 1215 3117 τοῖς
1235 3043 1402 3130 ὀχυρώμασι,
1420 3053 1469 3112 34.
1486 3051 1544 3112 Καὶ

184 3131 189 3134 ’
213 3149 393 3197 Simonciros
413 3154 437 3196 et
456 3148 531 3196 misit
548 3147 583 3196 cri
602 3148 762 3196 Demetrium
781 3161 822 3197 re·
867 3137 971 3204 ἐπέλεξε
998 3139 1089 3216 Σίμων
1117 3139 1214 3217 ἄνδρας
1237 3140 1284 3197 καὶ
1309 3139 1447 3198 ἀπέστειλε
1476 3141 1542 3220 πρὸς

213 3249 280 3299 pem,
302 3243 332 3287 ut
360 3236 458 3300 faceret
488 3237 674 3286 remissionem
704 3238 819 3300 cepioni,
866 3226 1020 3304 Δημήτριον
1044 3227 1087 3285 τὸν
1113 3227 1226 3306 βασιλέα
1249 3233 1294 3284 τοῦ
1317 3233 1428 3297 ποιῆσαι
1448 3227 1539 3305 οίρεσιν

214 3327 280 3388 quic
300 3332 374 3375 octus
393 3339 482 3374 omnes
499 3325 652 3389 Tryphonis
670 3325 822 3388 perdirep·
867 3317 900 3393 τῇ
931 3312 1018 3393 χώρη,
1042 3311 1081 3373 ὅτι
1105 3323 1190 3373 πᾶσαι
1216 3317 1243 3371 αἱ
1269 3313 1375 3392 πράξεις
1399 3315 1541 3394 Τρύφωνος

214 3415 313 3464 tionem
332 3413 442 3478 [uerunt
462 3414 541 3476 pesti.
559 3414 601 3464 35.
617 3417 651 3461 Et
674 3413 821 3463 Demetrius
867 3395 936 3473 ἦσαν
967 3401 1097 3480 ἁρπαγαί.
1123 3404 1173 3462 35.
1199 3402 1255 3462 Καὶ
1285 3403 1437 3462 ἀπέστειλεν
1468 3405 1541 3483 αὐτῷ

214 3515 260 3551 rec
279 3503 315 3552 ad
335 3502 417 3552 verbu
431 3505 486 3551 isto
500 3501 639 3567 respondit
655 3501 679 3548 ei
694 3507 718 3549 et
733 3502 821 3565 scrip·
866 3489 1019 3569 Δημήτριος
1030 3495 1043 3548 δ
1056 3491 1175 3570 βασιλεύς
1187 3489 1256 3549 κατὰ
1268 3490 1327 3558 τοὺς
1338 3491 1430 3569 λόγους
1441 3492 1547 3560 τούτους

214 3593 251 3640 sit
265 3592 407 3656 epistotam
422 3592 503 3641 telem
518 3607 527 3638 :
867 3577 913 3637 καλ
928 3581 1057 3658 ἀπεκρίθη
1073 3580 1205 3658 αὐτῷκαὶ
1220 3577 1333 3661 ἔγραψεν
1348 3583 1418 3660 αὐτῷ
1434 3582 1540 3641 intero-

693 3669 697 3674 ’
865 3667 915 3738 λίην
930 3667 1066 3738 τοιαύτην.

251 3769 294 3820 36.
309 3770 363 3818 iiee
377 3769 525 3818 Demetrius
538 3769 643 3817 Simoni
658 3780 759 3816 summo
773 3780 820 3815 sn·
907 3757 957 3817 36.
980 3753 1110 3824 Βασιλεύς
1128 3756 1282 3837 Δημήτριος
1302 3757 1404 3832 Σίμωνι
1422 3759 1539 3836 ἀρχιερεῖ

212 3858 312 3908 cerdoti
330 3864 354 3907 et
375 3859 460 3907 untico
480 3871 571 3920 recum
587 3863 611 3906 et
625 3856 779 3906 senioribus
795 3863 819 3904 et
866 3846 912 3904 καλ
942 3844 1010 3925 pite
1041 3845 1171 3923 βασιλέων
1198 3845 1243 3903 καὶ
1272 3842 1459 3924 πρεσόυτέροις
1491 3845 1538 3904 καί

212 3948 287 4009 uenti
300 3948 461 3996 iudaeorum
474 3945 599 3995 sulutem.
866 3933 933 3993 ἔθνει
947 3932 1082 3995 Ἰουδαίων
1100 3935 1215 4014 χαίρειν.

248 4035 292 4086 37.
315 4038 446 4087 coronam
463 4049 573 4086 auream
587 4041 612 4083 et
628 4035 722 4084 buttem
738 4049 818 4097 quem
906 4025 956 4084 37.
978 4022 1032 4083 Τδν
1058 4022 1186 4104 eriperes
1211 4023 1255 4082 τδν
1281 4028 1395 4104 χρυσοῦν
1422 4023 1468 4083 καί
1495 4023 1543 4098 τὴν

212 4126 324 4175 misistis
349 4127 512 4189 suscepimus
541 4131 566 4172 et
597 4124 692 4188 parati
726 4138 818 4173 sumus
868 4109 962 4192 βαίνην
976 4111 1008 4183 ἣν
1024 4111 1198 4172 ἀπεστείλατε
1212 4111 1544 4189 κεκομίσμεθα,κα“ιίτοι-

212 4213 299 4276 [acere
314 4215 448 4264 uobiscum
463 4227 553 4278 pacem
567 4226 694 4276 moenam
712 4218 737 4260 et
754 4214 821 4262 scri·
868 4200 914 4278 μοί
934 4203 1013 4279 ἔσμεν
1036 4207 1081 4260 τοῦ
1102 4204 1186 4261 ποιεῖν
1207 4205 1269 4278 ύμῖν
1292 4203 1396 4282 εἰρήνην
1422 4202 1540 4280 μεγάλην

217 4303 275 4352 bere
302 4304 468 4367 praepositis
492 4303 564 4365 repis
588 4303 722 4350 remittere
745 4302 821 4350 uobis
867 4289 913 4347 καί
931 4289 1040 4370 γράφειν
1059 4299 1112 4356 τοῖς
1131 4292 1175 4349 ἐπὶ
1193 4295 1246 4348 τῶν
1264 4295 1360 4370 χρειῶν
1378 4297 1419 4349 τοῦ
1436 4291 1538 4368 ipsium

216 4405 284 4454 quae
298 4391 469 4444 indulsimus.
487 4391 531 4442 38.
549 4392 729 4452 Quaecumque
750 4391 822 4438 enim
868 4378 929 4455 ὑμῖν
949 4379 1082 4457 ἀρίματα.
1099 4381 1147 4438 38.
1168 4380 1220 4438 Καὶ
1240 4378 1288 4438 ὅσα
1309 4379 1458 4460 ἑστήκαμεν
1477 4377 1541 4455 πρὸς

216 4483 411 4543 constituimus,
442 4483 515 4532 cobis
553 4487 690 4537 constant;
728 4483 821 4528 muni·
868 4470 936 4542 ipe<
955 4466 1169 4542 ίστηιιε,καίτδι
1187 4466 1350 4544 ὀχυρώματα
1368 4465 1384 4522 ἃ
1402 4464 1542 4542 ᾠκοδομή-

216 4573 301 4621 tiones
339 4587 406 4635 qeins
443 4571 605 4633 aedificastis
642 4569 717 4618 cobis
754 4568 820 4617 sint.
868 4578 932 4613 κατε
946 4555 1091 4634 ὑπαρχέτω
1110 4558 1183 4630 ὑμῖν.
1200 4557 1249 4616 39.
1265 4554 1387 4633 Ἇρίεμεν
1402 4553 1429 4612 δὲ
1444 4554 1541 4632 ἀγνοη-

217 4660 261 4711 39.
283 4662 448 4711 demittimus
472 4673 573 4724 quoque
598 4658 772 4722 ipnorentias
798 4667 821 4706 et
870 4668 943 4719 ματα
964 4645 1009 4702 καί
1029 4643 1063 4703 τδι
1084 4641 1268 4720 ἁμαρτήματα
1290 4642 1338 4709 ἕως
1358 4646 1404 4714 τῆς
1427 4643 1542 4722 σήμερον

215 4757 323 4814 percute
347 4765 429 4814 usque
456 4751 487 4799 in
511 4750 670 4798 hodiernum
696 4747 765 4795 diem
799 4753 822 4793 ct
870 4733 1040 4809 ἡμέρας,καί
1059 4733 1102 4792 τδν
1122 4731 1250 4811 στίρανον
1269 4732 1298 4790 δν
1315 4732 1440 4814 ύιρείλετε
1456 4731 1501 4791 καὶ
1518 4731 1543 4790 εί

215 4851 341 4888 coronam
366 4854 446 4902 quem
473 4838 609 4888 debebatis
615 4851 624 4898 ,¹
652 4842 676 4884 et
704 4837 728 4884 si
757 4836 822 4897 quid
871 4845 896 4879 τι
922 4819 988 4880 ἄλλο
1016 4823 1168 4880 ἐτελωνεῑτο
1192 4824 1218 4880 ἐν
1242 4819 1419 4900 Ἰερουσαλὴμ
1447 4821 1545 4900 μηαίτι
