3625 5367
603 351 707 407 ilfi
1590 340 1648 396 ⁵2.
1696 353 1878 396 uAcu.
1932 338 2251 410 13,24-26.

599 499 951 587 [nuprinm
981 490 1345 560 habeatur.
1375 492 1430 554 A
1460 485 1883 554 Ptolemaide
1918 494 2031 567 ἕως
2073 500 2186 555 τῶν
2227 491 2541 576 Γερρηνῶν
2583 489 2695 577 (cf.
2734 497 2765 557 1
2806 491 3016 557 Mach.
3058 498 3257 573 11,59

595 631 631 671 a
687 602 991 671 terminis
1045 597 1201 685 Tyri
1255 616 1469 684 usque
1526 592 1617 659 ad
1671 593 1843 660 fines
1894 594 2251 683 Aegypti);
2287 594 2737 681 cogitandum
2786 597 2914 663 erit
2958 595 3044 663 de
3085 598 3260 663 urbe

595 719 823 791 Germ,
867 727 1043 797 quae
1083 727 1123 770 a
1162 708 1337 768 Gaza
1379 705 1641 790 spectat
1679 699 1865 765 inter
1909 699 2271 768 meridiem
2316 707 2384 768 et
2424 706 2651 770 ortum
2696 703 2880 787 solia,
2924 705 3009 771 ad
3050 725 3261 793 quam

599 815 835 883 referri
879 812 1149 879 videtur
1193 806 1392 890 lectio
1437 810 1795 894 Γεραρηρῶν
1842 806 2007 894 (55).
2051 806 2219 873 Urbs
2265 807 2451 874 enim
2492 813 2773 893 Gerron,
2818 816 3054 890 Gerra,
3080 810 3264 876 inter

599 923 937 991 Pelusium
997 922 1065 984 et
1125 913 1664 983 Rhinocoluram
1726 912 1883 994 sita,
1938 912 2074 980 iam
2131 936 2266 980 non
2330 915 2722 1002 pertinebat
2784 915 2869 983 ad
2930 916 3265 983 ditionem

599 1031 831 1115 Syriae.
867 1026 978 1115 (cf.
1016 1025 1132 1091 Gr.
1165 1025 1232 1087 K
1231 1021 1304 1106 .“).
1337 1024 1554 1097 Quare
1580 1018 1939 1086 emendari
1968 1019 2220 1108 poterit
2253 1024 2637 1109 Γεραρηνῶν,
2667 1026 2710 1089 S
2740 1026 2965 1090 Gazer.

687 1135 1141 1199 Ptolemenses
1171 1126 1479 1215 graviter
1516 1124 1830 1192 serebant
1873 1127 2221 1216 pactiones
2264 1126 2457 1210 illas;
2492 1126 3042 1215 indignabantur
3079 1131 3263 1195 enim

599 1243 679 1307 de
717 1243 819 1319 iis,
859 1258 1154 1328 quarum
1196 1232 1628 1300 definitiones
1667 1233 2010 1318 abrogare
2060 1233 2382 1300 volebant
2421 1257 2483 1301 v.
2528 1241 2648 1318 25;
2685 1235 2953 1303 Iudaeis
2993 1258 3268 1302 conces·

595 1371 739 1415 sum
779 1352 947 1425 erat,
991 1347 1064 1409 ut
1093 1342 1232 1409 suis
1264 1337 1570 1406 moribus
1605 1338 1941 1420 viverent,
1977 1343 2187 1405 Deum
2228 1338 2552 1420 colerent,
2590 1363 2694 1408 res
2734 1363 2889 1409 suas
2931 1341 3267 1410 adminis-

599 1459 851 1519 trarent
888 1453 951 1540 (1
999 1448 1208 1516 Mach.
1247 1446 1460 1533 6,59).
1495 1450 1586 1512 Ex
1621 1444 2100 1531 indignatione
2130 1444 2678 1533 alienigenarum
2714 1448 2799 1515 de
2829 1447 2951 1515 tali
2987 1471 3266 1516 eonces-

595 1563 779 1627 sione
843 1556 1280 1643 intelligitur,
1344 1556 1608 1641 quanto
1684 1551 1845 1618 odio
1908 1552 2127 1618 habiti
2188 1553 2327 1620 sint
2383 1552 2641 1621 ludaei.
2703 1557 2951 1642 LysiaS,
3025 1560 3266 1622 auctor

599 1667 951 1755 parti-tmiS,
988 1684 1143 1729 eam
1183 1664 1520 1751 quantum
1564 1659 1787 1747 potuit
1832 1666 2264 1746 ἐνδεχομένως,
2301 1658 2607 1727 defendit
2644 1665 2928 1752 eiusque
2964 1660 3266 1729 reddidit

599 1775 959 1851 rationem,
997 1776 1090 1837 ἐπὶ
1125 1779 1190 1836 τὸ
1224 1775 1389 1852 βῆμα
1416 1786 1697 1832 ascenso
1726 1770 2080 1852 suggestu,
2118 1787 2450 1854 perorans
2483 1789 2564 1832 ex
2611 1774 2958 1854 suggestu,
2999 1768 3263 1858 populo

599 1903 743 1943 rem
787 1876 1145 1967 persuasit,
1180 1894 1338 1941 eum
1369 1871 1656 1953 sedavit,
1693 1877 1966 1956 εὐμενεῖς
1996 1872 2372 1940 benevolos
2400 1895 2512 1940 eos
2542 1873 2765 1940 effecit
2785 1897 2850 1940 v.
2883 1882 2991 1941 26.

687 1987 920 2051 Multas
944 1984 1015 2049 in
1045 2003 1127 2048 ea
1156 1980 1553 2047 narratione
1588 1975 2172 2045 contradictiones
2196 2000 2352 2045 cum
2383 1984 2414 2044 1
2449 1980 2657 2046 Mach.
2696 1986 2980 2062 (ms-63
3002 1981 3266 2049 invenit

607 2095 763 2159 sisu:
803 2091 1161 2177 plerasque
1195 2108 1430 2153 earum
1473 2087 1610 2152 iam
1642 2088 1727 2151 K.
1775 2084 2125 2152 refutavit.
2183 2090 2379 2151 Putat
2416 2093 2708 2176 uterque
2762 2109 2839 2153 ex
2878 2109 3109 2154 errore
3143 2093 3268 2153 Mo-

599 2199 719 2263 din
755 2193 1100 2280 designari
1139 2193 1399 2270 locum,
1442 2190 1561 2257 ubi
1600 2189 1801 2257 ludas
1843 2197 2070 2257 castra
2109 2192 2418 2279 posuerit
2456 2214 2520 2257 v.
2560 2198 2666 2261 st.
2713 2192 2843 2260 Sed
2881 2216 3040 2261 cum
3079 2216 3267 2261 exer-

599 2307 771 2367 eitus
815 2307 1133 2387 Syrorum
1172 2304 1400 2365 tantus
1446 2303 1617 2379 erat,
1661 2298 1862 2364 facile
1899 2296 2050 2363 fieri
2092 2298 2315 2386 potuit
2358 2306 2434 2366 ut
2479 2320 2618 2365 non
2658 2321 2895 2366 omnes
2950 2301 3269 2368 cohortes

599 2411 839 2475 anilem
888 2407 1133 2473 itinere
1175 2403 1608 2486 incederent;
1644 2405 1802 2493 quis
1844 2403 2092 2493 poterit
2132 2404 2518 2487 ostendere,
2553 2427 2765 2473 unam
2816 2412 3078 2494 partem
3126 2430 3266 2473 non

603 2515 895 2603 petuisse
933 2535 1058 2602 per
1105 2533 1296 2579 oram
1337 2511 1757 2577 maritimam
1793 2509 2229 2598 iter-tacere?
2253 2533 2343 2594 ne
2380 2512 2495 2579 isti
2532 2512 2766 2579 statim
2810 2512 3170 2581 irruerent
3199 2516 3268 2579 in

603 2623 943 2701 ludina-nm,
983 2618 1237 2709 optime
1281 2617 1365 2684 iis
1411 2617 1946 2707 opponebantur
1989 2622 2214 2684 castra
2262 2619 2336 2685 in
2384 2618 2627 2685 Modin.
2665 2623 2894 2707 Neque
2933 2642 3011 2686 ex
3062 2618 3270 2686 modo

607 2725 1017 2795 narrationis
1045 2726 1382 2813 sequitur,
1419 2746 1597 2813 quae
1628 2724 1696 2790 in
1730 2747 1793 2791 v.
1830 2729 1912 2789 15
1950 2725 2345 2792 referuntur
2380 2747 2525 2792 esse
2563 2731 2756 2811 gesta
2797 2724 2979 2792 circa
3017 2727 3266 2794 Modin.

607 2835 843 2923 [itique
883 2833 994 2898 Gr.
1030 2829 1382 2898 contendit
1412 2852 1542 2918 pro
1573 2852 1653 2895 eo
1693 2829 2000 2896 facinore
2041 2829 2293 2897 bellico
2331 2853 2473 2900 non
2513 2830 2815 2920 relinqui
2859 2832 3167 2921 spatium
3198 2832 3270 2900 in

607 2947 635 3003 t
683 2941 887 3007 Massh,
921 2946 984 3004 6.
1019 2943 1103 3003 At
1129 2937 1414 3004 ubinam
1445 2936 1547 3002 ibi
1575 2936 1858 3021 singula
1887 2958 2013 3025 per
2057 2935 2366 3022 singulos
2401 2936 2547 3004 dies
2580 2937 2676 3004 ita
2701 2937 3006 3004 seriatim
3044 2944 3115 3004 et
3157 2960 3269 3005 ac-

603 3055 835 3111 curate
871 3042 1378 3120 describuntur,
1412 3049 1485 3107 ut
1523 3042 1678 3129 quis
1702 3041 1853 3106 iure
1897 3063 2199 3108 asserere
2231 3049 2455 3132 posset
2484 3043 2826 3111 incursum
2870 3043 3073 3110 illum
3099 3067 3269 3112 noc-

607 3160 883 3215 turnum
925 3169 1064 3215 non
1106 3147 1404 3235 potuisse
1444 3145 1638 3212 fieri?
1676 3150 1858 3223 Quae
1901 3146 1986 3213 de
2027 3148 2358 3217 Bethsura
2391 3172 2457 3216 ν.
2496 3156 2576 3216 19
2617 3157 3080 3238 exponuntur,
3115 3173 3271 3217 con·

607 3263 863 3343 gruunt
889 3276 1046 3322 cum
1079 3260 1274 3334 6,31;
1306 3275 1483 3343 quae
1513 3276 1577 3321 v.
1616 3258 1705 3319 22
1727 3253 2079 3337 dicuntur,
2105 3254 2347 3322 eadem
2382 3263 2543 3324 sunt
2572 3261 2755 3337 6,ῐι9.
2782 3256 3031 3332 Quodsi
3054 3257 3270 3323 semel

611 3363 709 3427 rel
735 3363 835 3427 bis
859 3362 1247 3448 eontigerit,
1274 3366 1349 3425 ut
1375 3359 1580 3426 Iudas
1601 3359 1697 3426 eis
1718 3360 2046 3428 alimenta
2069 3360 2389 3443 mitteret,
2416 3362 2727 3429 nondum
2747 3364 3059 3451 sequitur
3080 3363 3268 3452 quod

611 3475 727 3532 Ην.
767 3471 933 3546 vult,
980 3490 1099 3533 eos
1147 3487 1423 3555 semper
1463 3465 1785 3532 habuisse
1823 3468 2228 3535 necessaria.
2262 3473 2495 3536 Nonne
2545 3491 2610 3534 ν.
2654 3475 2734 3535 21
2769 3471 2934 3535 satis
2961 3468 3270 3536 innuitur

611 3575 991 3663 proditione
1037 3572 1345 3642 Rhodoci
1374 3571 1500 3638 illa
1527 3571 1840 3639 subsidia
1886 3596 2027 3640 esse
2080 3573 2456 3663 impedita?
2488 3579 2769 3641 Demum
2808 3586 3000 3658 ἥττων
3031 3582 3265 3661 ἐγένετο

607 3703 739 3747 nnn
771 3679 1021 3747 dieitur
1050 3702 1162 3746 rex
1189 3678 1262 3745 in
1294 3678 1560 3767 proelio
1589 3677 1841 3761 victus3
1878 3679 2085 3747 dictio
2128 3679 2242 3747 illa
2294 3680 2467 3748 bene
2517 3680 2913 3763 adhibetur,
2950 3680 3115 3770 quia
3156 3702 3267 3747 rex

611 3787 889 3851 demum
936 3785 1008 3852 id
1054 3785 1408 3867 concessit,
1457 3785 1645 3875 quod
1694 3784 1843 3852 eius
1889 3785 2170 3853 consilio
2219 3787 2508 3854 Iudaeos
2554 3787 2831 3876 penitus
2874 3784 3268 3856 destruendi

615 3895 815 3979 [itane
847 3919 883 3959 e
907 3893 1252 3959 contrario
1276 3895 1427 3958 erat
1454 3891 1875 3980 oppositum.

1136 4119 1232 4175 10.
1276 4115 1544 4174 Alcimus
1583 4133 1767 4192 reyem
1809 4117 1891 4174 ad
1932 4116 2142 4175 bellum
2182 4114 2428 4193 iustique
2476 4120 2743 4190 14,1-14.

695 4315 831 4367 1·i.1⁴
863 4312 964 4363 Sed
991 4319 1107 4377 post
1137 4313 1368 4362 triennii
1401 4319 1604 4376 tempus
1636 4326 1821 4374 coquo·
1999 4304 2160 4370 14,1.
2210 4299 2365 4361 Μετὰ
2412 4300 2467 4359 δὲ
2512 4305 2692 4380 τριετῆ
2748 4301 2936 4381 χρόνον
2981 4301 3266 4381 προςέπεσε

619 4407 687 4451 ιιι
741 4403 901 4451 insius
943 4409 991 4451 et
1035 4403 1128 4466 qui
1172 4416 1289 4452 cum
1332 4416 1388 4452 eo
1433 4409 1612 4461 erant,
1641 4402 1825 4450 Deme·
1915 4397 2026 4456 τοῖς
2082 4390 2204 4468 περὶ
2259 4390 2346 4448 τὸν
2396 4390 2630 4463 Ἰούδαν,
2679 4389 2985 4469 Δημήτριον
3041 4391 3126 4447 τὸν
3177 4394 3269 4445 τοῦ

615 4499 772 4539 snum
827 4492 1029 4542 Seleuci
1073 4506 1189 4541 cum
1233 4491 1586 4540 multitudine
1630 4490 1825 4540 valida
1920 4478 2183 4538 Σελεύκου
2223 4479 2310 4537 διὰ
2343 4485 2434 4539 τοῦ
2471 4480 2611 4537 κατὰ
2640 4479 2898 4558 Τρίπολιν
2928 4478 3136 4555 λιμένος
3171 4479 3270 4541 εἰς·

615 4591 655 4624 vr
703 4587 932 4631 narinus
969 4594 1068 4645 per
1104 4587 1320 4645 portum
1366 4579 1605 4644 Tripolis
1636 4593 1825 4629 ascen·
1916 4568 2222 4626 πλεύσαντα
2264 4568 2401 4644 μετὰ
2438 4569 2668 4639 πλήθους
2698 4570 2916 4647 ἰσχυροῦ
2942 4569 3035 4627 καὶ
3070 4567 3266 4632 στόλου,

615 4675 751 4715 dia-w
795 4673 859 4719 ms
901 4669 1015 4718 loca
1054 4677 1378 4734 opportuna,
1410 4670 1462 4718 2.
1504 4675 1551 4717 ee
1593 4670 1825 4717 tenuisse
1851 4727 1863 4736 ⁶
1917 4660 1976 4716 2.
2034 4656 2419 4737 κεκρατηκέναι
2481 4662 2576 4728 τῆς
2639 4657 2820 4737 χώρας
2892 4656 3267 4731 ἐπανελόμενον

619 4763 855 4819 mmmm
896 4759 1151 4809 adversus
1190 4760 1510 4809 Antiochum
1552 4763 1599 4806 et
1643 4757 1824 4807 ducem
1917 4745 2182 4826 Ἀντίοχον
2225 4747 2318 4807 καὶ
2365 4746 2453 4806 τὸν
2491 4748 2675 4807 τούτου
2716 4746 2999 4826 ἐπίτροπον
3043 4742 3261 4805 Λυσίαν.
