3625 5367
763 909 1150 997 INTRODUCTIO

560 1178 630 1237 auc
647 1177 832 1229 occasionn
849 1176 985 1225 nnnuuu
1001 1175 1122 1225 norun
1139 1174 1193 1223 sm
1211 1173 1346 1245 (ru-ruo).

481 1437 507 1490 1.
529 1426 714 1489 Prooemium
728 1428 761 1489 de
774 1444 860 1507 roano
872 1424 1037 1487 Aleumdri
1050 1426 1077 1485 et
1089 1441 1284 1485 cumanorum
1299 1428 1326 1495 l,
1343 1427 1426 1483 1-10.

326 1648 350 1709 1,
373 1648 395 1698 1.
418 1648 451 1697 El
474 1645 576 1711 saccum
598 1652 646 1707 ecl,
666 1652 807 1709 postquam
827 1658 890 1709 per·
980 1641 1041 1711 l,l.
1063 1637 1115 1697 Καὶ
1137 1638 1239 1715 ἐγένετο
1263 1634 1331 1712 μετὰ
1351 1634 1381 1693 τθ
1393 1636 1512 1705 πατάξαι
1531 1635 1619 1705 ‘Alil-

290 1738 369 1788 cuscil
389 1736 541 1786 Alexander
561 1733 685 1799 Philippi
708 1734 821 1793 llaccda,
845 1734 891 1794 qui
938 1729 1031 1802 ανδρον
1040 1728 1084 1785 τὸν
1097 1724 1454 1800 animumanimum,
1464 1724 1492 1793 θς
1505 1723 1618 1797 ἐξῆλθεν

288 1829 392 1888 primus
408 1826 532 1888 rcuuauc'l
548 1826 578 1872 in
595 1825 715 1883 Graecia,
728 1836 846 1887 enressus
861 1822 891 1871 de
938 1819 1025 1887 ἐκτῆς
1037 1822 1086 1894 γῆς
1097 1814 1237 1890 Χεετιεὶμ,
1253 1813 1300 1873 καλ
1314 1812 1429 1882 ἐπάταξε
1444 1813 1492 1873 τδν
1506 1818 1618 1894 Δαρεῖον

290 1922 363 1963 lcrra
379 1915 490 1973 Cetium,
512 1913 624 1962 Darium
643 1926 731 1975 renem
750 1913 892 1961 Persarum
940 1903 1053 1984 βασιλέα
1071 1905 1181 1983 Περσῶν
1200 1902 1245 1962 καλ
1265 1902 1366 1973 Μήδων
1384 1902 1430 1961 κοιλ
1447 1901 1619 1961 θὸασίλευσεν

289 2098 313 2141 el
329 2092 446 2141 obtinuit
461 2092 580 2139 omnium
598 2091 749 2139 muniturus
767 2097 791 2138 ec
806 2090 893 2138 iuter·
939 2080 1120 2153 συνεστήσατο
1133 2082 1265 2155 πολέμους
1282 2078 1396 2145 πολλοὺς
1414 2079 1459 2139 καὶ
1474 2080 1620 2160 ἐκράτησεν

290 2180 352 2245 fecit
363 2193 436 2243 reyes
452 2186 549 2241 terrae,
565 2178 591 2229 3.
603 2186 627 2228 ec
640 2180 800 2243 pertransite
812 2191 893 2240 ueqrce
939 2171 1123 2250 ὀχυρωμάτων
1152 2170 1270 2242 πολλῶν,
1299 2168 1346 2227 καλ
1376 2168 1472 2247 ἔσφαξε
1502 2170 1620 2248 βασιλεῖς

290 2270 323 2318 ud
336 2271 401 2334 fines
417 2276 503 2317 terrac
516 2274 540 2317 el
553 2268 654 2332 occepit
668 2266 757 2332 spolia
772 2265 894 2315 mullera·
939 2263 986 2330 τῆς
1004 2262 1063 2335 γῆς,
1085 2261 1115 2320 3,
1138 2258 1185 2317 καὶ
1204 2260 1307 2328 διῆλθεν
1327 2256 1376 2323 ἕως
1398 2258 1487 2334 ἄκρων
1506 2260 1553 2329 τῆς
1571 2262 1620 2335 γῆς

292 2359 366 2407 diuis
392 2357 512 2420 acutium
535 2364 558 2406 el
582 2356 660 2405 cilicie
680 2364 754 2407 terra
777 2358 807 2405 ia
830 2369 894 2405 corc-
939 2346 986 2406 καὶ
1001 2347 1081 2407 ἔλαθε
1094 2350 1179 2406 σκῦλα
1193 2347 1308 2419 πλήθους
1319 2348 1410 2404 ἐθνῶν·
1424 2345 1471 2404 καὶ
1485 2345 1620 2425 ἡσύχασεν

237 2467 238 2470 “
289 2454 378 2511 spectu
398 2446 464 2495 eius.
489 2445 513 2496 l.
536 2446 569 2495 Et
585 2447 756 2509 couureuauc't
769 2446 894 2495 virtulem
940 2440 957 2508 ή
976 2440 1011 2514 γῆ
1035 2436 1147 2496 arduico
1169 2438 1259 2507 αὐτοῦ,
1277 2436 1323 2494 καὶ
1341 2433 1435 2516 ὑψώθη
1456 2437 1504 2493 καὶ
1518 2437 1619 2515 δπήρθη

290 2543 314 2585 et
330 2534 581 2599 ecerrilumsorlem
594 2535 687 2595 ulmis,
704 2541 728 2584 el
748 2534 894 2583 ecatlalnm
941 2525 1074 2605 ήκαρδία
1097 2525 1188 2583 αὐτοῦ.
1217 2529 1246 2582 l.
1273 2522 1328 2583 Καὶ
1355 2522 1487 2602 συνήγαγε
1509 2522 1619 2597 δύναμιν

290 2634 327 2674 esc
345 2632 368 2673 ει
388 2624 520 2674 elevatum
539 2630 584 2673 cor
603 2625 669 2684 elur,
689 2624 714 2675 5.
736 2630 760 2673 el
778 2623 894 2673 obtinuic
941 2615 1052 2695 ἰσχυρὰν
1073 2613 1174 2694 σγόδρα
1199 2612 1245 2671 καλ
1267 2602 1331 2692 ήρξε
1356 2614 1450 2693 χωρῶν
1470 2611 1515 2671 καλ
1540 2614 1619 2671 ἐθνῶν

291 2716 412 2775 reoionec
437 2715 557 2775 necllum
581 2721 604 2762 el
631 2720 761 2775 turannos
782 2718 806 2761 el
828 2712 894 2777 [ccli
940 2701 986 2760 κοιλ
1007 2700 1141 2779 τυράννων
1163 2702 1207 2759 καὶ
1233 2700 1352 2777 ἐγένοντο
1379 2702 1451 2781 αὐτῷ
1475 2702 1511 2768 ei<
1529 2701 1617 2781 φόρον.

291 2808 352 2851 ενοι
366 2800 411 2850 illc·
424 2804 453 2849 iu
465 2802 605 2851 tribulum.
619 2801 643 2851 6.
656 2802 688 2851 El
698 2808 757 2864 post
771 2801 833 2850 laec
848 2802 894 2849 de·
941 2796 970 2850 5.
985 2790 1036 2851 ilat
1056 2790 1124 2866 μετὰ
1143 2795 1228 2848 ταῦτα
1241 2790 1334 2849 ἔπεσεν
1350 2789 1394 2848 ἐπὶ
1407 2793 1456 2860 τῆν
1470 2791 1561 2860 κοίτην
1576 2790 1620 2848 καὶ

292 2890 511 2939 eidtlluleclum
530 2896 554 2938 el
579 2891 703 2952 couuoull
724 2890 789 2951 qula
808 2902 894 2938 marc-
941 2878 1008 2955 ἔγνον
1031 2876 1071 2937 du
1099 2877 1271 2948 ἀποθνήσκει·
1299 2882 1329 2939 (i.
1358 2878 1405 2938 καὶ
1430 2879 1539 2939 ἐκάλεσε
1561 2878 1621 2944 τοὺς

291 2986 381 3033 retur:
402 2978 426 3028 7.
444 2985 468 3026 el
484 2979 587 3027 uocauit
601 2991 699 3042 pueros
713 2991 773 3026 suos
791 2976 895 3027 nobiles
941 2967 1039 3033 παῖδας
1056 2970 1136 3027 αὐτοῦ
1155 2966 1214 3033 τοὺς
1232 2967 1346 3036 ἐνδοἙους
1360 2966 1419 3031 τοὺς
1433 2966 1620 3048 συνεκτρόφους

292 3068 338 3130 qui
357 3081 443 3116 secum
459 3073 537 3115 eraut
558 3067 659 3115 nutriri
679 3081 695 3115 a
716 3068 851 3116 latrunculo
871 3074 894 3115 οι
943 3056 1099 3125 elicuerit
1128 3058 1249 3126 νεότητος
1274 3058 1320 3115 καὶ
1346 3059 1439 3115 διεῖλεν
1465 3058 1552 3123 αὐτοῖς
1572 3054 1621 3126 τήν

290 3157 384 3205 diuisit
406 3155 465 3205 illis
487 3170 599 3219 cenarem
620 3168 705 3215 sicum,
729 3168 787 3205 crem
809 3156 895 3205 adhuc
943 3143 1080 3223 βασιλείαν
1110 3147 1190 3203 αὐτοῦ
1216 3145 1255 3203 ἔτι
1276 3148 1371 3213 ζῶντος
1390 3148 1482 3206 αὐτοῦ.
1509 3147 1537 3205 7.
1565 3144 1621 3204 Καὶ

289 3246 403 3305 iriensem
421 3245 447 3293 8.
466 3250 490 3293 el
508 3243 799 3307 reuuaolcdleaeaader
815 3246 895 3293 annis
942 3232 1111 3292 ἐδασίλευσεν
1146 3232 1320 3312 Ἀλέξανδρος
1354 3232 1399 3303 ἔτη
1434 3233 1537 3292 δώδεκα
1574 3232 1621 3292 καὶ

291 3334 426 3383 duodecim
445 3341 469 3383 el
487 3340 605 3384 marinus
620 3340 667 3383 est.
685 3334 710 3384 9.
727 3334 760 3383 Et
776 3334 896 3383 obliaue·
943 3322 1067 3383 lallare.
1087 3324 1116 3382 8.
1141 3323 1196 3383 Καὶ
1217 3322 1365 3401 ἐκράτησαν
1390 3324 1414 3379 οἱ
1435 3325 1527 3389 παῖδες
1542 3324 1621 3380 αὐτοῦ

292 3431 355 3473 runc
366 3424 444 3487 pueri
461 3424 518 3473 eius
535 3436 654 3485 reanum,
668 3416 897 3486 unusquisque'in
943 3412 1052 3475 ἕκαστος
1074 3414 1100 3470 ἐν
1122 3414 1161 3490 τῷ
1182 3412 1255 3490 τόπῳ
1274 3414 1364 3477 αὐτοῦ,
1385 3412 1415 3470 9.
1437 3410 1484 3469 καὶ
1501 3412 1622 3469 irrideam

291 3512 345 3561 loco
362 3525 419 3571 suo,
442 3512 482 3561 10.
500 3519 523 3560 et
541 3512 723 3576 irupoeueruul
739 3526 826 3561 omues
843 3513 896 3561 sibl
942 3499 1038 3567 πάντες
1057 3499 1209 3573 διαδήματα
1229 3502 1297 3575 μετὰ
1324 3500 1355 3558 τὸ
1371 3500 1513 3558 ἀποθανεῖν
1533 3498 1621 3569 αὐτὸν,

293 3602 447 3649 diademata
471 3607 531 3665 post
564 3607 675 3650 martem
704 3602 760 3649 circs
789 3608 813 3651 el
843 3600 897 3667 filii
944 3587 989 3646 καλ
1006 3592 1029 3646 oi
1044 3590 1094 3648 uini
1110 3590 1197 3647 αὐτῶν
1215 3588 1302 3647 ὀπίσω
1318 3590 1404 3648 αὐτῶν
1417 3587 1463 3660 ἔτη
1477 3588 1564 3646 πολλθ
1576 3588 1621 3646 καὶ

293 3703 382 3739 eorum
391 3696 450 3755 pasl
460 3702 504 3739 eac
517 3691 598 3738 aunis
618 3689 710 3739 inullis
726 3697 748 3739 el
760 3690 897 3754 mrclcipli-
944 3676 1091 3748 ἐπλήθυνεν
1106 3674 1177 3734 κακδι
1189 3678 1216 3735 ἐν
1230 3681 1263 3756 τῇ
1276 3682 1320 3755 γῇ.

292 3786 351 3828 εαια
366 3786 427 3828 sunl
441 3778 516 3827 mala
530 3781 561 3828 lu
574 3787 656 3828 terro.

327 3930 359 3979 ln
372 3943 398 3979 ν.
419 3929 429 3979 1
451 3930 538 3991 vulgo
557 3944 681 3996 προτερος,
704 3930 752 3979 secl
764 3904 793 3983 'u
807 3930 830 3979 A
845 3930 902 3993 aliq
921 3930 1030 3979 minusc
1049 3942 1168 3996 προτερον
1190 3930 1265 3992 quod
1284 3932 1370 3980 etiam
1391 3929 1410 3980 S
1432 3930 1576 3993 exprimit;
1594 3935 1622 3980 et

293 4018 434 4083 quideme
449 4023 477 4068 et
491 4019 550 4081 lpse
565 4020 692 4069 antesin
707 4020 807 4079 lavan;
826 4018 845 4068 S
860 4022 945 4068 antea
959 4020 1052 4068 autem
1066 4019 1195 4081 regnavit
1205 4020 1234 4067 in
1250 4018 1377 4069 Hellade.
1395 4018 1426 4067 ln
1441 4033 1468 4070 v.
1485 4018 1501 4068 6
1516 4034 1531 4069 s
1544 4019 1623 4069 deci-

292 4108 333 4158 dil
347 4109 375 4157 in
390 4106 528 4157 morbum.

334 4255 433 4323 Brevi
458 4256 631 4322 mentione
659 4254 761 4340 regni
788 4254 972 4321 Alexandri
995 4275 1091 4320 sacer
1116 4260 1235 4320 auctor
1262 4256 1498 4322 narrationem
1524 4275 1620 4321 snam

291 4362 465 4453 prioribus
487 4361 586 4428 libris
608 4360 706 4449 quasi
728 4362 936 4427 annectit-
955 4382 1036 4427 nam
1055 4360 1280 4449 subimperio
1302 4383 1423 4448 regum
1442 4366 1621 4428 Persarum

291 4471 483 4559 descriptus
502 4475 553 4535 eet
567 4466 717 4558 populus
736 4468 794 4533 Dei
810 4468 845 4533 in
861 4466 960 4533 libris
974 4468 1111 4549 Esdrae‚
1128 4468 1323 4548 Nehemiaa
1344 4468 1380 4533 in
1396 4468 1486 4534 libro
1503 4469 1623 4534 Esther

289 4617 333 4627 -
348 4584 382 4644 et
396 4577 499 4643 simul
512 4574 579 4640 sibi
594 4577 692 4663 parat
707 4573 887 4640 transitum
904 4572 947 4640 nd
964 4595 1061 4641 suum
1083 4581 1337 4660 argumentum.
1361 4574 1448 4642 lllud
1466 4574 1544 4664 ipsa
1562 4573 1622 4640 illa

288 4684 438 4751 formula
465 4688 514 4751 uui
538 4689 656 4769 ἐγένετο
681 4679 829 4748 indicari
856 4678 1011 4763 videtum
1029 4682 1077 4747 iia
1099 4680 1192 4747 enim
1219 4680 1321 4769 prisci
1340 4703 1478 4771 quoque
1504 4701 1621 4748 rerum
