3625 5367
229 368 232 373 .
287 315 345 376 132
796 312 824 368 1.
848 325 942 368 uasti.
965 307 1104 375 ossas.

287 469 342 546 τὰς
361 471 520 554 φάλαγγας
536 464 626 529 inter
643 461 800 527 cohortes
819 458 1031 538 diviserunt3
1049 457 1199 546 phalanx
1214 457 1436 523 macedonica
1447 462 1498 524 est
1512 457 1619 524 densa

288 572 348 638 illa
378 572 467 638 acies
492 569 660 659 peditum,
688 569 730 634 de
757 587 826 655 qua
850 564 1032 654 Appianus
1053 562 1174 630 scribit
1197 583 1204 630 :
1228 562 1379 653 phalanx
1404 564 1503 652 quasi
1531 563 1621 630 muri

289 677 437 766 speeiem
462 697 604 766 praese
630 673 774 755 terebat,
801 694 840 738 ex
864 693 934 760 quo
960 669 1135 759 elephanti
1164 670 1262 758 quasi
1288 676 1400 736 turres
1424 669 1622 738 eminebant

290 787 379 873 (Syr.
396 783 465 871 32).
480 783 668 871 Unicuique
679 779 865 869 elephanto
880 777 991 844 additi
1008 781 1088 842 sunt
1107 775 1173 842 viri
1187 775 1322 844 milleto
1337 785 1529 859 ἀλυσιδωτοῖς
1545 779 1617 845 scil.

288 893 414 978 θώραξιν
435 890 471 956 in
491 888 605 954 loricis
620 884 861 967 concatenatis,
879 883 1044 950 consertis
1058 883 1182 964 hamis,
1200 889 1232 950 et
1247 883 1306 972 qui
1321 883 1433 972 capita
1446 882 1623 952 habebant

287 1001 438 1086 protecta
460 994 571 1081 galeis
600 993 726 1072 aereis3
751 992 893 1080 insuper
915 992 1039 1078 cuique
1066 987 1194 1056 bestiae
1216 989 1373 1057 attributi
1395 995 1494 1057 erant
1519 991 1620 1080 quin-

287 1101 385 1190 genti
398 1101 529 1191 equites
551 1123 591 1166 66
607 1098 843 1190 selectissimis.
863 1097 982 1164 Milites
1005 1095 1119 1163 loricis
1136 1097 1256 1162 terreis
1270 1096 1408 1164 vestitos
1422 1101 1443 1162 S
1463 1097 1618 1178 exhibet;

286 1231 301 1274 s
319 1208 436 1275 loricis
452 1211 614 1275 armatos.
639 1210 680 1273 Ut
701 1204 879 1294 elephanti
905 1202 994 1269 bene
1016 1203 1237 1270 assuefierent
1255 1208 1288 1268 et
1302 1203 1470 1271 militibus
1486 1205 1620 1270 comiti-

287 1314 352 1381 bus
370 1321 403 1381 et
422 1313 606 1403 equitibus,
622 1313 660 1378 hi
682 1323 761 1378 onte
783 1323 917 1399 tempus
936 1310 957 1374 i.
974 1332 1005 1374 6.
1030 1314 1109 1375 6616
1129 1308 1273 1390 bellum,
1287 1316 1440 1398 tempore
1461 1332 1530 1399 quo
1552 1312 1620 1378 ele-

287 1419 410 1510 phanti
447 1418 692 1498 edocebantur,
720 1417 758 1483 in
786 1416 987 1494 itineribus,
1020 1415 1148 1504 ubique
1184 1437 1263 1483 cum
1294 1417 1487 1506 elephantis
1524 1425 1621 1485 erant

286 1549 319 1592 v.
351 1532 411 1608 3tt;
435 1525 533 1592 etlert
550 1546 592 1592 s:
615 1525 653 1590 hi
671 1523 787 1591 selecti
808 1523 873 1610 (bis
890 1522 965 1589 scil.
983 1521 1128 1612 ponitur
1144 1521 1209 1588 ins
1229 1523 1314 1590 haec
1334 1521 1424 1611 vox),
1441 1526 1539 1614 quusi
1559 1525 1622 1592 soli

286 1632 419 1722 equites
440 1653 577 1720 semper
595 1651 673 1697 cum
694 1629 736 1696 iis
756 1637 878 1697 essent.
901 1630 986 1717 Equi
1007 1651 1146 1718 quoque
1168 1627 1296 1696 debent
1314 1629 1505 1714 assuefieri;
1522 1631 1621 1698 initio

287 1741 377 1805 enim
394 1738 536 1805 odorem
556 1737 822 1826 elephantorum
838 1758 908 1802 nou
929 1739 1045 1801 terunt
1061 1735 1118 1824 (61.
1138 1741 1225 1825 App.
1242 1734 1285 1801 de
1305 1735 1397 1803 bello
1418 1736 1622 1806 Annibalioo

286 1846 333 1932 7).
355 1844 556 1934 Elephantis
573 1843 753 1933 impositae
769 1848 869 1909 erant
890 1848 1002 1909 turres
1019 1839 1158 1928 ligneae
1178 1841 1310 1924 firmae,
1327 1849 1546 1932 protegentes
1565 1867 1622 1912 su-

180 1956 187 1967 '
285 1973 348 2039 per
362 1971 659 2038 unumquemque,
684 1956 718 2017 et
739 1954 851 2015 turres
870 1947 956 2014 istae
979 1955 1076 2015 erant
1097 1948 1217 2015 affixae
1239 1971 1301 2016 seu
1323 1949 1506 2032 accinctae,
1527 1957 1621 2030 ἐζωσ-

288 2066 369 2142 μέναι
386 2072 547 2143 μηχαναῖς,
565 2054 669 2120 variis
682 2052 912 2121 adminiculis.
924 2058 969 2120 De
978 2075 1074 2120 more
1089 2060 1200 2121 turres
1212 2054 1414 2145 imponendi
1426 2057 1622 2146 elephantis

285 2163 390 2229 retert
408 2161 572 2228 Arrianus
594 2182 744 2249 quoque,
761 2162 819 2250 qui
840 2165 958 2226 narrat
980 2160 1154 2226 interdum
1177 2161 1302 2228 dentes
1316 2184 1433 2230 eorum
1454 2163 1620 2230 1666666-

285 2269 372 2334 mari
393 2272 590 2356 praeacuto,
611 2289 679 2355 quo
699 2273 734 2332 e't
753 2267 897 2332 vulnera
920 2259 1054 2332 facilius
1074 2265 1203 2334 interre
1222 2268 1352 2357 possint
1372 2291 1486 2357 neque
1505 2273 1620 2336 tamen

285 2374 353 2464 ipsi
376 2379 446 2440 tam
471 2377 630 2463 prompte
655 2371 939 2461 praefringentur
965 2373 1110 2460 (Tactiea
1135 2373 1219 2462 11).
1236 2378 1274 2442 Et
1293 2397 1397 2464 super
1419 2375 1620 2465 elephantos

285 2485 497 2567 66661ἅνδρες
507 2484 661 2564 δυνάμεως
677 2477 863 2546 bellatores
873 2478 1019 2564 triginta
1032 2479 1100 2546 duo
1115 2517 1159 2529 -
1173 2480 1287 2546 solum
1301 2488 1342 2548 30
1355 2480 1524 2570 praebent
1542 2487 1574 2565 S,
1590 2507 1616 2567 s,

286 2613 306 2658 s
324 2594 379 2654 55.
400 2592 453 2652 13.
466 2590 521 2652 ot.
536 2585 597 2651 lat.
610 2581 725 2674 -qui
736 2585 942 2674 pugnabant
954 2584 978 2653 i.
990 2608 1020 2652 e.
1035 2591 1125 2652 certe
1142 2585 1295 2673 sagittas,
1313 2588 1425 2655 iacula
1438 2589 1621 2657 mittebant

274 2683 328 2759 'de
348 2699 457 2773 turre,
478 2698 560 2759 καὶὸ
581 2691 675 2771 Ἰνδὸς
701 2697 802 2776 αὐτοῦ,
819 2691 906 2758 bene
929 2691 1023 2778 vulg.
1047 2693 1214 2778 magister
1230 2693 1370 2774 bestiae,
1386 2695 1460 2762 eius
1476 2677 1549 2764 scil.
1564 2719 1620 2764 re-

287 2911 345 2985 11;
374 2911 464 2985 11,1.
489 2904 557 2990 12),
576 2904 657 2992 quia
679 2903 776 2969 ludia
795 2903 1103 2992 praestantissimos
1126 2904 1328 2995 elephantos
1349 2906 1393 2973 ad
1417 2909 1619 2978 bellandum

285 3011 485 3101 praebebat.
501 3013 599 3076 Certe
614 3008 711 3075 adest
731 3009 767 3074 in
783 3008 945 3077 omnibus
961 3010 1108 3076 textibus
1123 3012 1308 3095 mendum;
1328 3035 1406 3080 nam
1425 3021 1536 3084 tantas
1548 3021 1619 3083 tur-

285 3138 340 3184 res
353 3115 478 3183 belluis
492 3137 563 3182 esse
575 3112 756 3204 impositas
771 3136 811 3180 ex
830 3114 957 3204 quibus
973 3115 1117 3200 triginta
1136 3117 1263 3185 milites
1276 3119 1465 3208 potuissent
1479 3123 1620 3209 sagittas

285 3223 440 3290 emittere
455 3222 558 3312 plane
578 3219 809 3310 improbabile
829 3228 889 3287 est.
909 3225 1018 3310 Atque
1038 3227 1171 3290 veteres
1193 3223 1367 3293 affirmant
1388 3247 1396 3295 ε
1416 3227 1532 3297 bellua
1551 3237 1619 3298 tres

286 3328 481 3412 bellatores
498 3333 660 3416 quartum
678 3327 885 3424 dirigentem
903 3328 969 3394 tert
990 3329 1173 3415 (Aelianus,
1189 3337 1260 3419 nat.
1277 3333 1481 3401 animalium
1496 3337 1588 3424 tan)
1609 3359 1616 3406 :

284 3442 382 3521 tergo
411 3434 592 3523 impositae
623 3440 752 3516 turres,
779 3433 1000 3523 turribusque
1029 3441 1259 3524 superstantes
1282 3445 1420 3528 praeter
1447 3448 1617 3510 rectorem

285 3540 445 3629 quaterni
467 3539 592 3606 armati
617 3539 754 3628 (Livius,
782 3541 915 3629 stau),
948 3541 1060 3607 solum
1086 3541 1322 3628 Philostratus,
1344 3547 1517 3615 fabulator
1542 3549 1616 3632 ille,

284 3653 404 3714 narrat
421 3644 620 3736 :elephanti
638 3651 796 3734 pugnant
810 3646 965 3714 turribus
984 3647 1142 3716 instructi
1162 3649 1329 3718 denorum
1346 3658 1405 3720 aut
1424 3656 1616 3744 quindeno-

284 3777 361 3823 rum
376 3753 478 3821 simul
498 3753 664 3819 Indorum
683 3752 879 3840 capacibus,
898 3776 940 3819 ex
959 3754 1085 3843 quibus
1100 3756 1241 3842 sagittas
1255 3764 1289 3825 et
1308 3759 1421 3828 hastas
1436 3763 1511 3830 Indi
1527 3772 1615 3831 tam·

285 3883 388 3950 quam
406 3883 451 3928 ex
472 3858 743 3948 propugnaculis
762 3860 924 3926 emittunt
939 3859 1028 3948 (Vita
1049 3860 1222 3950 Apollonii
1238 3865 1344 3954 ffli-
1362 3871 1470 3944 Quare
1490 3891 1553 3958 pro
1574 3877 1617 3936 30

285 3968 340 4034 vel
355 3973 396 4032 32
411 3967 488 4052 lege
504 3973 524 4030 2
540 3963 594 4031 vel
617 3970 647 4029 3.
671 3963 767 4030 Unde
788 3964 954 4033 urendum
978 3973 1091 4033 ortum
1114 3967 1169 4048 sit,
1187 3977 1280 4059 patet
1303 3974 1523 4056 coniecturis;
1545 3976 1617 4044 iam

283 4072 452 4160 interpres
465 4069 597 4160 primus
612 4069 800 4135 hebraeum
818 4070 908 4136 male
924 4071 1110 4161 explicasse
1127 4074 1272 4144 videtur.

328 4177 509 4266 Reliquam
530 4175 702 4263 equitatus
725 4182 860 4266 partem
883 4179 1099 4246 collocarunt
1125 4182 1275 4270 (ἔστησαν,
1293 4189 1325 4264 S,
1343 4209 1419 4254 6-
1438 4189 1522 4276 vulg
1547 4198 1618 4260 sta·

283 4286 360 4365 tuit,
378 4306 436 4351 rex
451 4283 495 4350 cl.
512 4306 544 4349 v.
562 4288 616 4364 33,
631 4283 704 4349 scil.
725 4283 851 4372 Lysias)
867 4284 948 4353 hinc
969 4293 1003 4353 61
1022 4287 1105 4354 inde
1122 4287 1167 4353 ad
1182 4289 1265 4358 duas
1280 4293 1351 4360 alas
1368 4297 1545 4378 exercitus,
1563 4301 1619 4366 vel

283 4394 325 4459 ad
349 4392 417 4457 duo
439 4411 585 4472 cornua;
608 4388 691 4479 quid
711 4389 778 4456 ista
792 4389 1021 4459 collocatione
1039 4394 1209 4463 voluerint
1229 4399 1395 4484 obtinere,
1413 4405 1618 4493 exprimitur
1686 4393 1694 4402 ⁸

283 4521 405 4587 graece
421 4498 558 4564 duobus
579 4496 796 4587 participiis:
819 4508 1037 4581 αατασείαντες,
1056 4501 1128 4569 6611.
1148 4508 1184 4569 ut
1203 4507 1458 4593 perturbarent,
1473 4510 1518 4577 ad
1537 4535 1617 4601 per·

281 4605 505 4686 turbandum,
521 4604 595 4672 scil.
614 4604 763 4683 hostem;
781 4603 940 4692 equitum
960 4614 1034 4672 erat
1054 4607 1245 4698 irruptione
1261 4613 1375 4681 hostes
1394 4601 1613 4702 conturbare,

281 4735 339 4778 eos
356 4718 523 4796 avertere,
538 4733 581 4778 ne
597 4733 702 4778 cornu
717 4709 884 4776 exercitus
902 4711 1126 4792 invaderent;
1144 4722 1191 4784 καὶ
1211 4730 1482 4808 ααταφρασσὸμ6ν6ι
1501 4732 1531 4793 ἐν
1548 4745 1615 4810 ταῖς
