3625 5367
245 271 304 329 ιιι
645 326 651 335 ,
715 229 721 238 ’
755 263 783 321 1.
807 278 899 323 aren.
926 266 1066 336 nat-aa.

245 420 393 487 offensus
415 403 502 483 torte
532 438 552 482 a
578 414 676 502 Lysia
703 413 758 480 vel
786 413 1047 481 eiusexsistens
1073 416 1232 482 aemulus
1257 437 1317 481 seu
1345 415 1571 484 adversarius

289 526 447 605 Nicanor,
463 523 534 589 iam
549 527 651 588 antea
666 527 826 610 expertus
841 522 1009 609 impetum
1026 543 1065 588 ac
1082 519 1318 589 fortitudinem
1335 521 1437 588 tudae
1452 523 1579 618 (tait),

244 634 324 700 dolo
346 639 379 698 et
397 628 532 697 vafritie
556 628 607 695 uti
628 626 761 694 maluit.
781 627 877 693 Mittit
896 627 991 693 enim
1009 626 1052 693 ad
1077 626 1296 694 ttaehabaeo's
1317 628 1476 696 nuntium
1497 651 1575 697 cum

244 739 361 806 verbis
373 737 542 828 pacificis3
561 730 729 824 promittit
741 756 777 800 se
793 738 977 800 venturum
993 755 1072 800 cum
1089 733 1171 801 viris
1187 733 1317 823 paucis,
1332 738 1370 800 ut
1389 757 1446 802 eos
1461 735 1575 804 videat
1598 818 1601 824 ,

245 849 283 912 in
296 867 396 936 pace.
415 849 545 912 Revera
564 841 658 908 venit
672 840 717 908 ad
736 840 856 907 ludam
871 850 905 906 et
923 841 1031 907 amice
1045 841 1136 908 inter
1156 862 1192 906 se
1207 840 1354 908 salutant
1369 863 1401 907 v.
1424 848 1483 925 293
1501 864 1575 909 rem

246 952 294 1019 ita
318 950 471 1018 declarat
494 948 660 1036 Iosephus
686 970 693 1014 ε
717 975 732 1008 υ
759 947 917 1029 Nicanor,
940 968 1019 1013 cum
1043 946 1160 1014 ludam
1184 948 1292 1014 amice
1315 948 1504 1031 salutasset,
1531 952 1575 1016 si·

243 1078 351 1146 gnum
370 1055 556 1145 quoddam,
582 1053 666 1121 dum
689 1054 779 1120 inter
797 1075 832 1120 se
851 1053 1146 1142 colloquerentur,
1166 1053 1236 1121 suis
1258 1053 1318 1120 dat
1342 1055 1520 1138 militibus,
1538 1065 1576 1122 ut

244 1163 362 1234 ludam
378 1162 608 1251 corriperent3
626 1167 661 1227 at
677 1160 735 1226 ille
749 1158 885 1227 insidiis
900 1159 1084 1226 intellectis
1098 1159 1257 1249 prosiluit
1271 1166 1305 1226 et
1323 1160 1367 1227 ad
1382 1183 1460 1230 suos
1472 1185 1507 1228 se
1522 1185 1575 1229 re·

245 1271 336 1360 cepit
354 1267 570 1358 »(1a‚10‚t);
592 1289 625 1334 v.
644 1273 686 1333 30
705 1277 738 1332 et
755 1267 905 1333 innotuit
919 1287 1026 1332 sermo
1042 1267 1064 1332 i.
1083 1289 1113 1333 e.
1130 1289 1182 1333 res
1199 1267 1231 1332 ei
1249 1267 1398 1335 innotuit
1411 1267 1467 1358 (ef.
1485 1270 1572 1349 aad:

244 1378 288 1445 cf.
307 1383 402 1457 3373
419 1380 547 1456 ἑπτεήθη
570 1372 770 1461 perterritus
787 1394 867 1438 cum
880 1371 1096 1439 festinatione
1110 1393 1145 1439 se
1159 1373 1204 1440 ab
1220 1395 1260 1439 eo
1275 1373 1447 1457 subduxit,
1463 1397 1575 1465 neque

243 1483 444 1553 ulteriorem
457 1479 697 1546 invitationem
711 1480 875 1568 suscepit.
893 1479 1040 1546 Nicanor
1056 1479 1177 1547 videns
1190 1501 1253 1569 per
1273 1479 1391 1548 dolum
1410 1503 1483 1548 non
1499 1483 1575 1572 capi

244 1610 339 1681 posse
361 1586 481 1656 ludam
500 1593 637 1654 coactus
656 1590 708 1652 est
726 1592 845 1675 aperto
861 1585 954 1653 bello
970 1607 1048 1652 cum
1069 1607 1110 1652 eo
1127 1585 1291 1673 congredi
1305 1610 1338 1654 v.
1357 1593 1415 1669 31;
1439 1610 1575 1678 pugna-

244 1703 319 1765 tum
334 1701 385 1762 est
402 1693 446 1760 ad
462 1693 739 1784 capharsalama,
757 1692 854 1759 cuius
867 1693 952 1759 situs
970 1693 1110 1778 ignotus
1123 1697 1187 1775 ast;
1205 1697 1292 1778 κώμη
1307 1723 1351 1774 τις
1366 1695 1470 1785 (apud
1488 1701 1575 1763 lose-

246 1802 379 1892 phum).
409 1806 453 1866 Dc
477 1802 627 1867 exercitu
650 1799 825 1866 Nicanoris
848 1798 1046 1866 ceciderunt
1068 1799 1250 1888 quingenti
1278 1800 1339 1886 (ita
1363 1821 1397 1884 a,
1422 1807 1460 1882 Α,
1485 1807 1519 1884 S,
1547 1824 1573 1884 s,

258 1908 339 1993 at.);
365 1908 518 1996 quinque
547 1905 657 1972 millia
686 1905 799 1992 (vulg,
826 1910 860 1971 et
882 1904 962 1992 al.);
996 1904 1120 1993 reliqui
1152 1905 1317 1992 fugerunt
1342 1907 1379 1975 in
1403 1907 1576 1976 civitatem

246 2013 363 2082 ttavid.
381 2020 501 2099 Pugna
521 2013 609 2078 tacta
624 2017 675 2077 est
693 2012 730 2077 in
745 2011 887 2098 regione
908 2011 1129 2078 meridionali
1151 2034 1172 2078 a
1192 2012 1390 2096 lerusalem;
1414 2037 1496 2082 nam
1520 2015 1575 2081 Ni·
1612 2046 1615 2054 ·

245 2144 351 2189 canor
371 2141 407 2186 se
430 2105 558 2208 recepit
582 2117 677 2206 prius
695 2117 732 2183 in
757 2117 878 2184 urbem
896 2124 931 2184 et
956 2121 1085 2207 postea·
1099 2121 1377 2207 septemtrionem
1401 2143 1518 2189 versus
1540 2121 1576 2190 in

244 2229 429 2295 Bethoron.
446 2231 495 2292 lta
510 2219 739 2291 communiter
753 2229 916 2311 arguunt.
935 2223 999 2291 Sed
1014 2246 1091 2291 cum
1105 2224 1252 2293 Nicanor
1266 2225 1321 2290 vix
1335 2226 1443 2294 ullam
1457 2251 1576 2318 esper-

244 2341 298 2401 tus
315 2335 358 2400 sit
373 2332 519 2412 cladem,
537 2329 667 2397 assumi
682 2334 796 2419 potest
817 2351 896 2398 eum
918 2329 1014 2420 prius
1036 2331 1181 2398 voluisse
1203 2331 1325 2399 urbem
1343 2355 1522 2424 occupare,
1540 2336 1576 2401 in

245 2439 341 2509 cuius
355 2461 435 2506 arce
457 2437 670 2528 praesidium
694 2441 859 2524 Syrorum
878 2442 963 2504 erat.
980 2437 1075 2503 Unde
1098 2436 1158 2505 alii
1176 2436 1291 2506 locum
1314 2460 1453 2528 pugnae
1473 2441 1576 2507 tonse

247 2547 291 2615 ad
307 2545 423 2614 vicum
441 2543 653 2611 Carvasalim
670 2565 780 2632 prope
806 2544 950 2610 Ramleh
969 2543 1128 2632 (Schttrer
1148 2550 1161 2612 l
1180 2569 1215 2634 p.
1234 2545 1312 2634 218)
1333 2553 1488 2629 censent3
1516 2545 1576 2614 alii

171 2725 175 2729 ,
245 2653 289 2721 ad
304 2653 438 2720 Salame
450 2651 487 2717 in
505 2656 603 2740 parte
621 2649 814 2716 orientalia
835 2655 938 2738 loppe
958 2649 1073 2740 (talah
1090 2651 1132 2719 ci.
1148 2654 1203 2718 Ks.
1221 2651 1300 2718 Nire
1318 2652 1482 2742 pervertit
1495 2675 1577 2721 nar-

244 2760 413 2827 rationem
438 2756 611 2846 Iosephus,
634 2754 754 2822 ludam
771 2754 899 2822 victum
922 2755 1114 2843 confugisse
1135 2757 1171 2823 in
1196 2779 1308 2824 arcem
1331 2760 1510 2827 ierusalem
1533 2799 1577 2814 -

246 2867 306 2933 sed
325 2873 403 2952 ἄκρα
417 2864 477 2931 illa
493 2886 511 2930 a
526 2863 618 2949 Syris
631 2868 705 2940 erat
720 2866 897 2950 occupata.

557 3089 605 3146 23.
626 3083 793 3144 Iacoleatia
805 3082 971 3144 Nicanoris
987 3087 1014 3144 ct
1028 3102 1105 3144 mers
1124 3089 1257 3158 aaa-50.

282 3288 356 3350 tat.
375 3287 408 3336 Et
422 3292 482 3350 pact
497 3285 561 3334 haec
574 3284 655 3333 cerba
669 3284 787 3332 ascendit
800 3283 850 3332 Ni·
941 3273 1025 3344 7‚33.
1043 3271 1098 3330 Καὶ
1113 3271 1180 3348 μετὰ
1195 3270 1254 3339 τοὺς
1268 3273 1360 3350 λόγους
1372 3275 1478 3344 τούτους
1493 3263 1575 3349 &sitq

248 3390 331 3428 canor
354 3377 386 3426 ta
402 3380 517 3425 montem
537 3374 612 3434 Stoa,
636 3379 660 3421 et
679 3372 801 3420 exierant
818 3372 849 3420 de
895 3359 1022 3438 Νικάνωρ
1038 3362 1074 3426 εἷς
1096 3361 1126 3419 τὶν
1152 3359 1210 3439 ὄρος
1229 3363 1311 3422 Σιών·
1334 3361 1381 3422 καλ
1402 3363 1508 3436 ἐξῆλθον
1523 3365 1575 3424 ἀπὸ

248 3464 429 3516 sacerdotibus
453 3461 550 3526 papati
577 3459 697 3510 satutare
727 3473 786 3509 eam
818 3461 850 3508 tn
894 3452 946 3507 τῶν
961 3448 1053 3528 ἱερέων
1068 3451 1098 3508 ἐκ
1116 3453 1169 3508 τῶν
1194 3450 1277 3530 ἁγίων
1292 3451 1337 3509 καλ
1351 3454 1405 3512 ἀπὸ
1423 3457 1475 3518 τῶν
1497 3477 1576 3534 'lim'

250 3568 316 3620 pace
337 3560 361 3601 et
385 3553 564 3601 demonstrare
583 3551 609 3598 ct
635 3548 849 3598 holocautomata
894 3535 1011 3616 dvatpov
1025 3541 1069 3597 τοῦ
1080 3539 1146 3596 λαοῦ
1159 3538 1335 3599 ἀσπάσασθαι
1347 3541 1425 3600 αὐτὸν
1439 3544 1576 3622 εἰρηνικῶς

247 3657 315 3708 qaae
337 3639 516 3703 offerebantur
535 3651 586 3703 pro
610 3651 683 3702 rcqe;
701 3638 744 3688 at.
765 3644 789 3685 ct
806 3639 848 3685 ir·
894 3626 940 3685 >cal
955 3625 1037 3694 δεῖξαι
1052 3629 1125 3708 αὐτῷ
1139 3627 1186 3698 τὴν
1202 3627 1381 3690 ὁλοκαύτωσιν
1393 3631 1442 3702 τὴν
1460 3655 1575 3713 προςρς.

246 3735 338 3784 rideat
357 3731 458 3795 sprevit
480 3743 522 3778 eos
541 3733 566 3776 ct
584 3726 684 3792 polluit
703 3734 726 3777 et
747 3725 848 3775 locatas
895 3715 1008 3795 ρομένην
1023 3713 1089 3793 ὑπὲρ
1104 3720 1150 3775 τοῦ
1169 3718 1310 3796 βασιλέως·
1329 3721 1378 3780 34,
1396 3719 1441 3778 καὶ
1457 3723 1574 3795 ἔρυκε-γ’.

247 3830 285 3872 εει
304 3820 427 3885 superba
446 3819 489 3870 35.
506 3824 531 3867 et
549 3817 653 3866 taravtt
672 3815 848 3865 camirottt-
894 3826 965 3880 ρισεν
995 3803 1089 3870 αὐτοὺς
1121 3805 1170 3885 καλ
1200 3808 1379 3884 κατεγέλασεν
1410 3811 1496 3868 αὐτῶν
1529 3810 1575 3870 καὶ

247 3924 324 3960 cens:
340 3910 396 3957 atsi
411 3907 528 3956 traditas
543 3904 625 3968 [uerit
641 3905 722 3953 ladas
737 3909 761 3952 ct
776 3917 848 3952 exer·
896 3892 1002 3969 ἐμίανεν
1030 3891 1125 3961 αὐτοὺς
1155 3893 1199 3953 καὶ
1235 3896 1363 3970 ἐλάλησεν
1392 3899 1574 3980 ὑπερηφάνως.

246 4001 315 4048 citas
329 3998 386 4045 cias
400 3997 432 4043 ta
444 4007 540 4042 manac
553 4006 624 4041 mear
639 3993 775 4053 continuo,
791 4004 848 4041 cam
894 3984 944 4040 35.
962 3981 1007 4040 καὶ
1023 3979 1111 4057 ὤμοσε
1126 3981 1285 4062 μετόιθυμοῦ
1298 3987 1393 4064 λέγων·
1410 3989 1454 4048 ἐὰν
1468 3989 1506 4064 μὴ
1522 4011 1574 4046 πα-

247 4098 381 4149 repressas
411 4083 487 4146 sacro
520 4083 552 4129 in
582 4094 657 4144 pace,
692 4081 848 4129 succendam
895 4071 993 4149 ραδοθῇ
1009 4069 1109 4138 Ἰούδας
1139 4070 1185 4130 καλ
1209 4077 1225 4144 ἡ
1247 4073 1406 4154 παρεμὸολή
1432 4079 1512 4138 αὐτοῦ
1539 4082 1575 4144 εἰς

246 4178 352 4226 domam
366 4171 456 4220 ictam.
472 4171 505 4219 Et
522 4171 587 4217 extit
606 4183 664 4218 cam
678 4169 723 4217 tra
737 4182 846 4231 acapna.
893 4159 985 4238 χεῖράς
1005 4181 1055 4234 μου
1069 4159 1098 4218 τὸ
1122 4165 1180 4238 νῦν,
1196 4163 1243 4220 καὶ
1264 4163 1339 4221 ἔσται
1358 4163 1402 4223 ἐὰν
1423 4167 1574 4246 ἐπιστρέψω

247 4265 290 4316 36.
318 4263 350 4312 Et
380 4262 551 4309 intraverant
578 4259 725 4307 sacerdotes
747 4264 772 4306 et
795 4264 847 4306 cte·
895 4251 921 4305 ἐν
955 4247 1045 4328 εἰρήνῃ
1070 4251 1193 4328 ἐμπυριῶ
1217 4251 1259 4310 τὸν
1293 4243 1362 4312 οἷκον
1390 4259 1493 4314 τοῦτον.
1521 4255 1574 4316 Καὶ

246 4359 338 4405 tarnat
357 4357 420 4401 aatc
441 4346 537 4411 {aciem
555 4347 652 4396 altaria
672 4354 696 4395 et
717 4345 809 4410 tempti
824 4353 848 4395 et
894 4334 984 4404 ἐξῆλθε
996 4335 1063 4412 μετὰ
1079 4342 1162 4414 θυμοῦ
1178 4341 1303 4417 μεγάλου.
1321 4345 1370 4403 36.
1389 4343 1443 4404 Καὶ
1458 4345 1573 4416 dritta

246 4445 337 4508 [tentes
359 4442 508 4491 dicarant:
529 4437 572 4487 37.
599 4445 637 4496 ta,
652 4437 772 4495 'Domina
794 4435 849 4484 cte·
894 4426 918 4482 οἱ
946 4427 1023 4502 ἱερεῖς
1048 4427 1092 4484 καὶ
1120 4426 1236 4499 ἔστησαν
1268 4429 1337 4488 κατὰ
1362 4430 1499 4511 πρόςωπον
1529 4441 1574 4495 τοῦ

245 4534 310 4598 ptati
332 4531 437 4580 domam
454 4529 534 4577 ictam
554 4528 588 4575 ad
606 4525 784 4575 invocandam
798 4537 847 4573 ao·
894 4512 1080 4592 θυσιαστηρίου
1104 4517 1149 4573 καὶ
1170 4523 1215 4576 τοῦ
1236 4523 1299 4577 ναοῦ
1319 4519 1364 4579 καὶ
1383 4520 1514 4582 ἔκλαυσαν
1529 4523 1575 4582 καλ

247 4635 306 4670 men
326 4627 400 4669 taam
419 4619 451 4667 tn
471 4629 512 4677 ca,
533 4623 562 4666 at
581 4621 646 4665 essct
666 4616 759 4664 domas
784 4627 848 4662 ora·
894 4593 977 4659 εἶπον·
993 4605 1039 4663 37.
1062 4601 1106 4678 σὺ,
1127 4606 1219 4685 Κύριε,
1242 4606 1348 4677 ἐξελέξω
1362 4609 1407 4668 τὸν
1427 4601 1497 4671 οἶκον
1512 4617 1575 4671 τοῦ.

247 4710 329 4760 ttoats
362 4717 385 4757 et
427 4705 617 4756 obsecrationis
655 4702 755 4768 populo
788 4709 846 4763 tao;
895 4713 938 4748 τον
954 4692 1128 4765 ἐπικληθῆναι
1144 4693 1174 4752 τὸ
1188 4695 1271 4773 ὄνομα
1288 4721 1333 4757 σου
1352 4698 1394 4758 ἐπ’
1413 4703 1495 4782 αὐτῷ,
1509 4691 1576 4760 εἶναι
