3625 5367
258 296 307 407 'eo
589 314 592 320 ’
790 346 818 404 1.
843 361 932 404 nica.
959 344 1097 419 arr-eo.

212 512 214 523 ⁴
268 521 335 588 que
354 497 391 564 id
415 496 559 578 videret,
585 504 714 564 ὑπέλαὸσ
736 502 849 563 mente
874 495 1030 582 agitavit,
1056 500 1094 562 ut
1116 495 1288 585 potiretur
1309 518 1417 584 regno
1436 500 1601 589 Aegypti;

268 604 363 691 vulg.
381 602 475 671 haud
500 604 585 669 bene
599 602 711 692 coepit
730 624 889 691 regnare,
905 607 927 669 S
942 601 1116 691 expetivit,
1136 603 1323 693 sopinatus
1342 609 1402 672 est.
1427 608 1478 671 Ita
1496 604 1604 674 voluit

268 732 526 801 reynaresupcr
539 708 607 776 duo
622 731 741 799 repeto.
763 714 883 797 Magno
905 713 1078 798 apparatu*
1091 708 1217 776 bellico
1238 733 1270 776 v.
1290 716 1331 777 18
1351 710 1388 778 in
1407 716 1602 802 Aegyptum

269 818 425 898 intravit3
443 827 473 885 ἐν
485 823 581 904 στόλῳ
603 823 726 903 μεγάλῳ
742 820 832 882 certe
849 821 981 882 nonest
997 814 1359 903 intelligendumcum
1375 824 1397 884 S
1412 818 1455 885 de
1474 839 1603 907 magna
1722 851 1727 878 ι
1801 797 1802 832 ³

269 946 397 1015 pompa
419 946 478 991 seu
498 923 622 1010 gloria,
640 943 751 1011 neque
775 922 968 1008 generatim
985 921 1027 988 de
1047 927 1195 1005 armatu,
1213 922 1342 1012 quippe
1357 922 1417 1012 qui
1436 924 1507 991 iem
1521 926 1602 993 satis

268 1030 474 1098 describitur
488 1031 525 1096 in
535 1027 758 1095 multitudine
774 1028 874 1117 provi
885 1029 919 1117 (S
935 1028 974 1095 in
988 1030 1136 1095 exercitu
1157 1030 1239 1096 lorti
1254 1035 1288 1096 et
1303 1051 1440 1117 magno,
1458 1053 1475 1098 s
1492 1030 1531 1099 in
1541 1056 1603 1123 po·

265 1138 358 1227 pulis
370 1137 543 1224 fortibus),
561 1134 728 1216 curribus,
745 1133 948 1225 elephantis,
964 1135 1151 1224 equititum
1164 1158 1248 1222 ergo
1270 1158 1349 1203 curn
1365 1141 1423 1204 set
1435 1135 1531 1225 vulg.
1556 1140 1600 1207 de

268 1246 404 1335 copiosa
416 1243 558 1311 navium
581 1242 819 1329 multitudine,
842 1265 859 1309 s
876 1240 914 1308 in
928 1240 1079 1309 navibus
1096 1241 1229 1322 multis3
1245 1242 1296 1309 ita
1310 1265 1448 1334 quoque
1463 1246 1521 1312 Gr.
1541 1248 1598 1313 Kc.

267 1356 306 1418 Et
330 1351 471 1417 classem
497 1350 703 1417 Antiochum
727 1348 887 1415 habuisse
907 1348 1010 1414 etiam
1037 1348 1171 1415 clarum
1197 1354 1249 1415 est
1275 1371 1315 1416 ex
1335 1350 1452 1417 navali
1466 1351 1599 1441 proelio

267 1457 358 1547 apud
380 1455 565 1537 Pelusium,
583 1476 651 1543 quo
672 1454 779 1521 victor
801 1454 924 1536 luerat,
941 1454 992 1521 uti
1010 1453 1118 1541 legati
1133 1454 1315 1522 Alexandri
1340 1456 1377 1522 in
1405 1462 1526 1525 senatu
1545 1480 1598 1525 ro·

267 1584 370 1631 mano
390 1563 568 1651 conquesti
590 1566 671 1629 sunt
696 1560 824 1649 (livius
845 1563 974 1649 earo),
992 1561 1035 1626 cl.
1057 1560 1177 1648 Polyb.
1198 1567 1312 1643 28,16.
1332 1568 1384 1629 10.
1407 1568 1519 1631 Posset
1535 1564 1598 1631 rni-

266 1692 343 1738 rum
365 1668 476 1737 videri
503 1669 546 1735 de
570 1688 699 1755 magna
718 1667 825 1735 classe
846 1667 938 1734 etde
955 1666 1150 1757 elephantis
1172 1666 1248 1734 fieri
1270 1667 1499 1752 mentionem,
1517 1692 1598 1737 nam

267 1782 343 1867 post
357 1776 490 1844 cladem
504 1795 610 1865 quam
622 1771 810 1841 Antiochus
823 1778 962 1860 Magnus
974 1773 1069 1863 apud
1080 1774 1286 1861 llagnesiam
1301 1781 1493 1865 acceperat,
1507 1776 1598 1845 inter

266 1883 360 1973 pacis
380 1880 593 1949 conditiones
608 1881 712 1949 ctiam
727 1879 813 1947 haec
827 1885 925 1947 erant
942 1902 950 1948 ε
969 1880 1174 1969 elephantos
1188 1902 1307 1947 omnes
1325 1881 1465 1966 tradito,
1483 1905 1596 1973 neque

266 1984 351 2056 alios
366 1994 503 2079 parat03
520 1986 647 2053 tradito
663 1993 696 2054 et
708 2008 812 2053 naves
829 1986 963 2074 longas,
981 2008 1094 2075 neque
1107 1986 1225 2076 plures
1240 2009 1345 2077 quam
1359 1986 1478 2055 decem
1495 2012 1597 2057 naves

181 2082 184 2087 ¹
265 2100 371 2163 tectas
385 2094 512 2161 habeto
528 2094 661 2183 (Polyb.
676 2098 791 2175 2226.
807 2094 875 2181 ln).
893 2092 958 2159 Sed
974 2115 1035 2159 eae
1054 2092 1268 2161 conditiones
1281 2116 1350 2162 non
1364 2095 1595 2163 observaban-

265 2208 322 2271 tur
349 2223 461 2291 neque
482 2200 668 2268 Antiochus
696 2204 737 2266 lV
756 2198 786 2266 is
800 2204 874 2266 erat
892 2199 952 2289 qui
976 2200 1076 2287 regni
1099 2200 1291 2290 occupandi
1312 2201 1476 2291 cupidine
1499 2209 1595 2271 actus

264 2310 323 2376 tali
341 2309 477 2376 loedere
492 2329 527 2375 se
549 2306 753 2374 obstrictum
778 2310 943 2385 censeret.
963 2306 1177 2393 Magistratus
1201 2306 1336 2375 romani
1362 2314 1424 2375 aut
1441 2309 1594 2377 muneri-

261 2415 328 2483 bus
344 2412 520 2503 corrumpi
535 2418 692 2503 poterant
707 2412 916 2503 (exemplum
931 2413 1029 2479 affert
1039 2414 1162 2495 Livius,
1179 2414 1262 2504 epit.
1280 2415 1335 2502 57)
1351 2419 1411 2481 aut
1424 2415 1594 2483 eiusmodi

261 2521 476 2610 negligentia
496 2520 647 2589 foederis
674 2524 869 2609 opportuna
892 2520 1002 2586 videri
1022 2525 1168 2609 poterat,
1189 2526 1226 2587 ut
1247 2503 1387 2610 uuanda
1409 2519 1540 2590 vellent
1560 2528 1593 2590 et

260 2628 449 2719 expediret,
467 2622 598 2694 bellum
617 2626 835 2694 innovarent.
854 2631 979 2694 Currus
999 2626 1219 2713 intelligendi
1238 2632 1336 2695 erant
1355 2627 1473 2696 falcati
1493 2629 1552 2716 (cl.
1571 2635 1592 2695 2

259 2735 364 2803 hlach.
384 2734 475 2822 133)
499 2739 532 2801 et
553 2740 759 2823 δρεπανηφὲρα
781 2736 899 2821 ἅρματα
924 2734 1026 2802 ellam
1051 2733 1237 2800 Antiochus
1258 2738 1397 2820 Magnus
1417 2734 1453 2801 ln
1477 2736 1592 2824 primu

257 2840 368 2907 lronte
384 2844 463 2907 ante
484 2840 655 2929 reliquam
675 2837 782 2905 aciem
808 2838 853 2904 ad
865 2860 1004 2926 pugnae
1026 2838 1163 2905 initium
1187 2839 1385 2927 laciendum
1401 2840 1608 2909 collocavit

257 2946 357 3036 (App.
375 2950 449 3032 Syr.
464 2950 506 3011 32
520 2944 558 3011 in
571 2943 665 3032 fine).
680 2948 725 3010 De
742 2944 934 3033 elephantis
949 2944 993 3011 cl.
1008 2949 1105 3026 3,3t;
1121 2951 1213 3026 6,30.
1230 2952 1291 3031 3¹⁶3
1310 2952 1424 3029 ll,56.
1440 2954 1460 3013 2
1479 2947 1584 3016 Mach.

262 3057 468 3135 11‚a;13,e;
488 3056 600 3129 mac.

301 3158 431 3227 bellurn
457 3162 572 3226 autern
599 3156 780 3223 constituit
803 3157 836 3246 (S
857 3157 947 3240 lecit,
976 3178 991 3222 s
1017 3156 1211 3247 disposuit),
1236 3180 1360 3245 graece
1384 3158 1588 3250 plerumque

256 3276 467 3349 συνεστήσαντο
492 3262 565 3332 scil.
587 3262 773 3331 Antiochus
795 3268 829 3329 et
852 3264 1031 3346 exercitus,
1048 3264 1167 3354 copiae
1187 3253 1271 3349 eius,
1293 3264 1455 3334 adversus
1472 3266 1553 3335 Ptol
1572 3305 1588 3316 ·

255 3395 392 3441 maetam
402 3394 518 3463 repent
535 3372 699 3460 Aegypti,
717 3391 795 3436 curn
819 3375 947 3456 agatur
968 3370 1011 3437 de
1032 3370 1127 3437 bello
1155 3372 1318 3453 secundo,
1339 3372 1589 3461 intelligendus

254 3480 319 3546 erit
337 3480 548 3561 Ptolemaeus
567 3477 734 3565 Physcon,
752 3476 823 3565 qui,
836 3483 1017 3566 postquam
1035 3477 1152 3566 priore
1168 3478 1261 3545 bello
1275 3478 1488 3547 Ptolemaeus
1506 3479 1586 3547 Phi·

252 3586 399 3653 lometor
422 3586 458 3651 in
482 3587 685 3674 potestatem
704 3583 864 3651 Antiochi
894 3590 1047 3664 venerat,
1071 3605 1219 3671 regnum
1242 3585 1434 3675 occupavit.
1461 3590 1586 3653 Contra

253 3715 332 3761 eum
358 3712 420 3783 per
442 3691 619 3757 honestam
638 3692 784 3779 speciem
800 3690 940 3756 maioris
960 3691 1146 3757 Ptolemaei
1169 3692 1356 3759 reducendi
1379 3692 1415 3758 in
1440 3714 1584 3779 regnum

251 3800 384 3868 bellum
400 3797 506 3865 movit
523 3797 649 3887 (Livius
669 3802 801 3885 tt,19);
817 3817 938 3861 verum
953 3796 985 3862 ei
1001 3796 1143 3864 minime
1162 3797 1200 3865 in
1218 3799 1333 3865 animo
1353 3805 1427 3865 erat
1441 3798 1583 3866 tratrem

252 3907 430 3986 maiorem,
443 3903 721 3983 philometorem,
738 3903 775 3968 in
791 3924 938 3989 regnum
959 3903 1136 3985 reducere,
1151 3904 1245 3993 quod
1264 3906 1339 3995 ipse
1357 3910 1468 3972 toturn
1484 3928 1584 3973 oceu-

252 4033 334 4101 pare
345 4010 575 4078 desiderabat.
594 4010 750 4097 Physcon
759 4008 945 4075 veritusest
962 4032 985 4075 a
995 4009 1090 4096 lucie
1103 4010 1175 4077 eius
1184 4017 1314 4100 ἐντράση
1329 4033 1401 4079 sese
1415 4012 1584 4080 convertit

250 4129 283 4184 et
296 4116 405 4207 sopit,
421 4122 441 4182 S
460 4122 494 4183 ct
507 4116 615 4183 victus
631 4121 679 4180 est
701 4114 915 4182 Ptolemaeus
940 4121 973 4181 ct
998 4117 1164 4203 fugerunt
1188 4120 1215 4204 (s
1238 4124 1396 4185 accurate
1422 4118 1583 4208 exprimit

249 4222 441 4311 graecum),
458 4234 492 4291 et
510 4220 708 4290 occiderunt
722 4206 1005 4289 vutxterctimu'lti
1017 4232 1206 4311 τραυματίαι,
1219 4248 1307 4314 quae
1322 4246 1384 4292 vox
1396 4225 1492 4315 apud
1502 4228 1582 4293 LXX

250 4329 353 4399 etiam
368 4328 510 4419 ponitur
523 4350 587 4419 pro
602 4327 691 4393 hebr
707 4320 801 4396 estin
821 4327 1000 4417 (percussi,
1022 4328 1218 4419 interlecti),
1238 4354 1307 4421 quo
1323 4354 1422 4399 sensu
1442 4336 1463 4397 S
1483 4336 1517 4398 et
1530 4353 1581 4400 cc-

249 4436 409 4505 cidorunt
421 4434 521 4503 occisi
548 4434 648 4501 multi
674 4438 699 4520 (s
724 4433 788 4501 hoc
809 4432 1006 4501 membrum
1021 4457 1090 4502 non
1109 4437 1247 4527 habet);
1269 4460 1302 4505 v.
1326 4444 1368 4506 20
1388 4446 1436 4508 καὶ
1451 4443 1581 4508 κατελά-

247 4553 341 4625 ὅσντσ,
356 4545 459 4610 etiam
481 4546 502 4609 8
523 4540 619 4609 effert
635 4540 818 4631 pluralem,
836 4540 920 4607 dum
938 4562 955 4607 s
973 4548 1006 4607 et
1029 4542 1116 4631 vulg
1139 4542 1393 4634 comprehendit
1425 4544 1581 4613 civitates

173 4690 175 4693 -
247 4648 399 4717 munitas
418 4661 451 4716 ct
464 4648 596 4740 occepit
613 4646 723 4738 spol-io
740 4648 773 4737 (S
789 4649 1007 4737 acceperunt)
1025 4661 1135 4718 terrae
1149 4650 1313 4742 Aegypti.
1331 4656 1376 4719 lle
1398 4674 1438 4719 eo
1461 4649 1580 4718 scribit

246 4754 342 4822 Diod.
358 4756 465 4845 (31,l)
480 4778 488 4826 τ
503 4755 603 4824 initio
616 4755 802 4823 Antiochus
812 4754 961 4822 iactabat
972 4756 1066 4823 haud
1078 4778 1114 4825 se
1125 4758 1290 4847 cupidum
1305 4758 1407 4845 regni
1419 4758 1578 4848 Aegyptii
