3625 5367
256 365 315 424 aaa
759 361 786 434 ι.
810 375 904 418 mea
930 359 1083 425 mro-aa.

255 515 358 582 fuisse
376 511 575 602 opinionem
592 513 723 576 exstare
742 508 986 596 cognationem
1005 507 1179 598 quandam
1199 505 1290 573 inter
1310 505 1449 573 ludaeos
1473 511 1506 573 et
1526 511 1588 573 La·

256 618 502 688 eedacmonios.
526 622 617 683 Hane
634 617 875 702 cognationem
897 617 998 682 Arius
1015 637 1073 682 rex
1098 615 1219 681 asserit
1237 612 1416 702 inscripto
1437 612 1588 702 quodam

256 727 463 794 documento
490 722 659 790 affirmari
684 744 724 788 eo
751 720 843 811 quod
870 722 1008 811 utrique
1033 727 1145 788 essent
1174 742 1212 786 ex
1241 741 1370 806 genere
1398 718 1584 786 Abraham.

256 833 408 901 Plurima
422 830 612 899 tentamina
628 829 815 895 factasunt
832 829 877 895 ad
894 827 1239 917 deprehendendum,
1262 848 1302 893 ex
1323 848 1473 915 quonam
1494 827 1588 893 fonte

258 941 342 1006 haec
363 939 480 1028 opinio
494 945 569 1004 orta
587 942 685 1002 esset.
704 941 745 1001 At
759 956 840 1001 vera
859 935 936 1002 eius
956 937 1057 1022 origo
1079 935 1281 1023 neutiquam
1303 932 1449 1022 reperiri
1463 932 1587 1022 potuit.

257 1049 415 1113 Veterum
429 1045 604 1133 opiniones
621 1041 776 1108 referunt
788 1043 956 1123 Serorr'us,
973 1043 1056 1129 Lup.
1079 1041 1196 1108 Wiucr
1215 1037 1588 1128 (Realwoerterbueh);

257 1152 316 1220 sed
338 1173 416 1218 eum
440 1150 537 1216 nulla
553 1151 601 1215 rei
622 1146 852 1238 probabilitas
872 1147 917 1213 ab
939 1146 1010 1213 ullo
1030 1152 1211 1227 statuatur,
1237 1144 1359 1212 inutile
1380 1150 1468 1212 esset
1491 1146 1592 1212 innu-

259 1280 372 1325 meras
385 1257 462 1324 illas
476 1257 603 1323 referre
623 1254 845 1320 coniecturas,
863 1253 979 1320 Simile
993 1251 1079 1342 quid
1097 1253 1245 1320 retertur
1259 1251 1296 1318 in
1316 1251 1453 1318 decreto
1468 1257 1592 1338 Perga-

261 1385 442 1432 menorum
464 1361 651 1451 (Iosephus,
668 1360 782 1450 antiq.
803 1365 916 1440 tlalt).
938 1365 1009 1448 Ἠ),
1031 1360 1067 1425 in
1082 1381 1151 1450 quo
1165 1357 1371 1444 Pergameni
1387 1357 1510 1425 dicunt
1522 1357 1592 1424 iam

260 1468 475 1560 temporibus
494 1468 665 1534 Abraham
686 1468 832 1533 maiores
852 1488 930 1533 suos
950 1467 1054 1534 luisse
1072 1465 1200 1532 amicos
1224 1464 1442 1548 ludaeorum,
1459 1471 1594 1554 «prout

262 1581 299 1644 in
320 1582 397 1643 acta
418 1574 557 1663 publiea
571 1573 718 1640 relatum
735 1572 929 1640 invenimus
948 1601 977 1656 u,
995 1573 1093 1652 καθὼς
1110 1582 1139 1640 ἐν
1163 1589 1226 1652 τοῖς
1247 1579 1396 1656 δημοσίοις
1420 1581 1593 1659 εὐρίσιιεμει

261 1690 442 1772 γράμμασιν.
469 1685 538 1747 liae
555 1682 672 1769 itaque
692 1680 897 1768 cognatione
913 1681 1065 1769 exposita
1082 1685 1221 1768 exoptat
1237 1701 1296 1745 rex
1310 1699 1436 1768 eosque
1456 1677 1592 1759 invitat,

260 1797 299 1856 ut
318 1789 470 1856 scribant
494 1786 665 1877 quomodo
686 1787 835 1865 valeant,
852 1786 893 1853 de
911 1808 1010 1875 pace,
1031 1785 1074 1852 de
1096 1785 1218 1864 salute,
1236 1783 1279 1851 de
1301 1806 1363 1851 sua
1385 1805 1595 1873 suarumque

260 1917 379 1962 rerum
398 1893 610 1973 conditione;
632 1903 735 1974 καλῶς
756 1905 895 1976 reiteres
916 1899 965 1960 est
987 1891 1110 1959 modus
1131 1891 1271 1977 elegans
1290 1891 1497 1980 postulandi,
1517 1891 1596 1957 hor-

261 2001 371 2068 tandi.
392 1999 640 2066 Commercium
660 1999 856 2067 litterarum
878 2021 937 2066 rex
959 1998 1130 2088 promittit
1149 2005 1199 2066 καὶ
1218 2012 1306 2083 ἡμεῖς
1327 2006 1358 2066 δὲ
1378 2001 1595 2086 ἁνπιγράφεμεν

264 2120 331 2192 ὑμῖν
352 2112 387 2173 et
399 2127 463 2173 nos
479 2106 605 2173 iterum
625 2104 722 2173 vobis
740 2105 940 2188 scribimus;
956 2105 1096 2172 firmum
1111 2105 1285 2172 enuntiari
1305 2105 1514 2194 propositum
1534 2105 1596 2170 ite-

262 2237 341 2283 rum
358 2212 531 2281 scribendi
549 2210 724 2279 indicatur
738 2235 801 2302 per
814 2212 901 2280 illud
923 2234 1082 2302 praesens
1096 2215 1326 2300 ἁντιγράφιμεν.
1346 2215 1435 2277 later
1453 2233 1488 2278 se
1504 2210 1597 2277 auxi·

263 2321 349 2388 lium
365 2329 540 2409 praestare
559 2326 786 2408 mutuamque
805 2320 924 2386 lovere
946 2317 1135 2385 amicitiam
1150 2317 1239 2385 velle
1258 2316 1431 2384 indicatur
1449 2339 1456 2386 :
1471 2339 1598 2406 peroro

184 2423 189 2432 ’
262 2440 392 2507 nostru,
409 2437 501 2509 κτήνη
517 2427 711 2513 generatim
726 2426 967 2515 possessiones
983 2425 1168 2514 praecipue
1184 2446 1323 2512 greges3
1343 2446 1420 2491 cum
1436 2430 1599 2512 sequatur

263 2539 400 2622 ὕπαρξις,
417 2533 509 2599 notio
521 2532 564 2599 de
579 2532 763 2622 pecoribus
777 2555 837 2600 seu
853 2531 1021 2619 gregibus
1037 2533 1104 2598 erit
1120 2530 1311 2598 retinenda.
1325 2535 1365 2597 S:
1387 2551 1488 2598 omne
1504 2531 1597 2619 quod

263 2640 360 2707 vobis
374 2645 424 2706 est
438 2640 537 2706 nobis
549 2644 600 2706 est
612 2645 645 2706 et
658 2661 761 2706 omne
778 2645 937 2706 nostrum
953 2644 1002 2705 est
1014 2643 1184 2719 vestrum3
1202 2660 1218 2702 s
1232 2635 1424 2704 accuratius
1437 2635 1599 2726 exprimit

263 2769 437 2832 graecum.
455 2751 554 2812 Estne
578 2745 663 2812 haec
684 2745 912 2834 proverbialis
936 2745 1097 2827 lormula,
1122 2766 1188 2835 qua
1214 2745 1251 2809 in
1270 2743 1431 2810 omnibus
1449 2743 1539 2810 inter
1563 2765 1599 2809 se

264 2874 366 2940 opem
381 2851 472 2918 ferre
495 2851 686 2940 spondent?
700 2857 750 2917 lta
773 2851 873 2917 multi
887 2851 1097 2940 concipiunt,
1119 2849 1276 2940 quamvis
1295 2849 1330 2916 id
1347 2859 1441 2916 cerlo
1456 2849 1600 2940 probari

263 2963 424 3045 nequeat.
445 2956 496 3021 hd
517 2955 602 3022 belli
625 2957 823 3022 societatem
839 2956 946 3022 verba
970 2955 1064 3023 haud
1086 2958 1200 3046 aptari
1224 2956 1403 3038 videntum
1426 2956 1470 3023 ad
1487 2955 1598 3044 expri-

25 3051 108 3163 2³73·
174 3105 177 3109 -
265 3063 427 3130 mendam
447 3061 772 3150 amicitiam'utique
796 3083 867 3128 non
885 3067 965 3128 sunt
978 3063 1108 3152 inepta.
1130 3063 1193 3139 Qui
1208 3063 1270 3130 has
1285 3063 1415 3130 litteras
1435 3062 1597 3141 reddunt,

265 3170 316 3236 illi
331 3169 413 3237 iussi
431 3177 511 3236 sunt
532 3207 576 3217 —
589 3166 829 3235 mandavimus
842 3207 886 3218 -
899 3169 985 3235 hacc
1005 3190 1094 3256 quae
1113 3169 1149 3234 in
1165 3168 1310 3257 epistola
1328 3169 1491 3236 brevibus
1508 3168 1601 3237 dicta

266 3281 346 3345 sunt
365 3276 525 3366 pluribus
537 3275 720 3365 explicare.

311 3385 473 3472 losephus
497 3383 599 3449 huius
624 3382 788 3471 epistolae
815 3382 1025 3449 mentionem
1054 3383 1137 3450 facit
1162 3384 1274 3472 ilntiq.
1300 3389 1456 3464 1a,a,10‚
1476 3383 1534 3450 ubi
1556 3383 1601 3450 de

266 3493 349 3557 Onia
367 3490 497 3556 scribit.
514 3487 661 3555 Additur
679 3489 716 3555 in
734 3489 802 3554 fine
825 3509 832 3554 :
851 3516 867 3549 u
886 3489 1075 3556 Damoteles
1096 3490 1155 3578 qui
1177 3488 1307 3556 litteras
1327 3489 1425 3556 allert
1444 3497 1601 3572 διαπέμπει

265 3600 319 3677 rig
342 3602 511 3675 ἐπιστολάς.
534 3597 709 3685 Scriptura
730 3602 780 3661 est
810 3594 991 3683 quadrata,
1014 3595 1167 3680 sigillum
1195 3601 1243 3661 est
1274 3595 1390 3684 aquila
1413 3595 1599 3662 draconem

267 3711 383 3770 tenens
408 3732 437 3771 ».
461 3703 561 3780 Quasi
586 3697 671 3769 ha‘ec
697 3701 734 3769 in
762 3701 909 3790 epistola
940 3701 1015 3791 ipsa
1040 3701 1183 3768 fuissent
1205 3703 1348 3790 scripta,
1374 3703 1489 3791 pergit
1510 3707 1599 3770 lose-

266 3811 356 3900 phus
373 3832 380 3876 :
399 3837 417 3872 «
438 3819 472 3877 et
486 3808 629 3898 epistola
645 3807 785 3898 quidem
799 3831 820 3874 a
834 3807 1183 3875 Lacedaemoniorum
1200 3831 1281 3895 rege
1297 3810 1398 3876 missa
1419 3809 1503 3876 haee
1519 3832 1600 3877 con-

266 3917 397 3983 tinebat
420 3945 450 3983 a.
482 3915 572 3983 lllud
605 3923 763 3999 διαπέμπει
799 3922 863 3982 etc.
896 3935 1034 3981 sensum
1065 3915 1204 3982 exhibet
1236 3915 1378 3982 ultimae
1411 3918 1601 3982 sententiae

268 4023 440 4110 epistolae.
466 4023 561 4098 Quod
584 4021 681 4088 addit
702 4021 745 4088 de
768 4023 940 4109 scriptura
967 4025 999 4087 ct
1021 4021 1150 4107 sigillo,
1171 4024 1285 4111 inepte
1308 4022 1447 4089 exhibet
1469 4023 1504 4090 in
1526 4023 1601 4110 ipsa

267 4127 412 4216 epistola
428 4149 499 4192 esse
513 4126 692 4214 scriptum.
711 4126 868 4193 Voluitne
880 4126 975 4193 hisce
988 4126 1164 4194 insinuare
1175 4150 1210 4194 se
1223 4128 1346 4196 vidisse
1359 4129 1473 4218 ipsum
1490 4151 1602 4196 exem-

267 4235 364 4324 plum
385 4232 569 4322 epistolae?

313 4341 462 4407 hdnotat
481 4342 641 4407 Roboaria
659 4366 666 4401 ε
689 4339 851 4428 Iosephus
867 4362 940 4406 non
956 4341 1093 4408 videtur
1112 4347 1227 4408 tamen
1242 4343 1483 4428 cognationem
1499 4346 1602 4432 Spar-

268 4450 429 4516 tiatarum
454 4469 532 4514 cum
557 4446 690 4514 ludaeis
719 4467 852 4528 veram,
874 4446 934 4513 sed
963 4447 1115 4536 aliquam
1144 4448 1340 4516 societatem
1369 4449 1459 4516 velle
1489 4449 1602 4538 expri-

269 4579 378 4624 mere.
