3625 5367
695 373 722 430 1.
747 325 839 430 naeu.
863 373 1003 441 ibo-61.
1103 379 1107 384 '
1462 375 1517 432 107
1605 399 1613 410 ·

186 515 296 604 5θ,6);
318 515 374 583 die
387 514 522 584 decimo
539 518 664 585 mensis
685 519 809 586 decimi
824 527 967 608 propter
986 521 1198 589 obsidionem
1217 521 1313 589 urbis
1333 545 1373 588 eo
1393 522 1448 589 die
1463 523 1517 590 in-

186 627 317 712 ceptam
344 623 420 712 (ter.
443 630 535 705 52,t.
556 625 656 691 Zach.
681 627 786 713 8,19).
810 627 903 712 Sicut
921 628 1038 716 itaque
1058 627 1109 693 illi
1134 628 1206 695 dies
1225 628 1338 694 tristes
1357 629 1515 696 anniver-

185 728 273 796 sario
301 729 432 795 ieiunio
463 752 526 819 per
556 731 680 798 multos
705 755 813 799 annos
836 732 1052 800 recoluerant
1080 735 1190 824 (Zach.
1219 734 1302 823 7,3),
1333 737 1381 801 ita
1408 757 1511 824 quam

186 835 331 902 maxime
355 836 559 903 conveniens
580 843 666 918 erat,
688 844 725 905 ut
747 838 819 905 dies
843 861 980 930 quoque
1000 839 1150 907 laetitiae
1172 847 1205 908 et
1225 841 1384 908 beneficii
1406 842 1515 909 divini

184 962 263 1022 cum
285 941 415 1028 gaudio
434 948 467 1009 et
483 943 704 1011 exsultatione
726 967 842 1012 annua
862 951 1059 1032 agerentur.
1075 948 1155 1014 Eius
1177 948 1429 1015 anniversariae
1446 949 1515 1015 sol-

183 1047 370 1116 lemnitatis
385 1048 513 1117 mentio
531 1050 569 1116 fit
585 1054 678 1117 toan.
698 1057 811 1131 1032.
832 1055 943 1140 Atque
957 1051 1169 1119 institutione
1186 1076 1227 1120 ea
1245 1060 1514 1122 commemorata

183 1153 232 1221 ait
252 1155 434 1244 Iosephus:
452 1160 540 1226 etex
557 1179 598 1224 eo
618 1161 771 1246 tempore
786 1155 824 1223 in
836 1156 1046 1225 hodiernum
1066 1181 1176 1248 usque
1190 1159 1282 1227 diem
1297 1159 1512 1227 celebramus

181 1260 217 1327 id
232 1261 400 1328 sollemne
416 1262 481 1351 (τὴν
496 1262 629 1351 tapeti),
647 1263 741 1353 quod
757 1285 918 1331 vocamus
933 1265 1076 1332 Lumina
1093 1265 1224 1355 (Φῶτα),
1245 1265 1308 1332 hac
1320 1266 1511 1346 festivitati,

184 1373 218 1434 ut
232 1367 370 1458 opinor,
386 1369 497 1435 indita
513 1369 761 1458 appellatione,
779 1369 871 1459 quod
890 1371 953 1438 illa
971 1370 1073 1438 nobis
1094 1394 1135 1438 ex
1149 1372 1324 1461 insperato
1347 1373 1514 1440 affulserit

181 1473 311 1560 agendi
329 1479 477 1563 potestas
491 1475 618 1565 (Antiq.
641 1477 784 1563 12:151).
802 1477 857 1543 Sic
875 1477 945 1544 ille.
965 1477 1029 1544 Sed
1047 1501 1152 1567 qnare
1174 1501 1244 1544 non
1263 1479 1377 1569 potius
1399 1501 1439 1546 ex
1460 1479 1514 1546 lu-

182 1580 334 1648 minibus
351 1582 387 1647 in
407 1583 545 1668 signum
560 1581 708 1650 laetitiae
723 1584 873 1651 accensis
894 1589 928 1650 et
949 1589 1053 1652 noctu
1073 1607 1202 1675 pompa
1221 1584 1379 1652 sollemni
1399 1591 1512 1672 gesta-

180 1686 234 1765 tis,
260 1687 310 1754 uti
323 1687 429 1756 fiebat
444 1688 481 1756 in
494 1689 579 1755 festo
592 1688 918 1757 tabernaculorum?
932 1689 1043 1758 viden
1058 1692 1163 1759 Mach.
1182 1698 1256 1775 1,9;
1276 1698 1366 1774 1o‚6,
1384 1693 1510 1783 quibus

179 1793 267 1859 locis
285 1793 455 1861 dedicatio
470 1795 596 1863 dicitur
609 1794 781 1863 celebrata
795 1795 833 1862 in
843 1796 988 1864 ‘modum
1000 1796 1319 1866 tabernaculorum.

222 1899 367 1967 Provide
387 1901 488 1968 ludas
502 1903 585 1988 agit,
607 1902 697 1970 utin
717 1908 890 1991 posterum
906 1903 1018 1970 cultus
1033 1909 1065 1970 et
1081 1905 1248 1994 templum
1262 1903 1300 1970 in
1316 1909 1389 1972 tuto
1407 1905 1509 1973 collo-

179 2013 288 2087 cetur,
311 2014 479 2097 quantum
492 2007 568 2074 fieri
580 2014 703 2098 potest.
720 2013 829 2086 Quare
844 2032 877 2077 v.
894 2016 936 2076 60
950 2015 1101 2078 montem
1118 2009 1209 2092 Sion,
1227 2011 1287 2100 qui
1302 2034 1343 2078 eo
1359 2017 1513 2101 tempore

178 2118 256 2180 erat
274 2119 308 2180 et
326 2114 514 2181 vocabatur
535 2137 633 2182 mons
651 2115 772 2205 templi
791 2115 850 2205 (cl.
872 2121 966 2194 ύ,37.
984 2117 1039 2206 38)
1057 2114 1307 2184 munitionibus
1328 2119 1510 2187 firmarunt

177 2219 369 2287 aedificatis
385 2243 448 2309 per
461 2221 642 2288 circuitum
659 2222 841 2290 moenibus
855 2222 944 2305 altis,
967 2245 1062 2316 quae
1075 2245 1137 2313 per
1153 2223 1335 2291 intervalla
1355 2225 1508 2292 turribus

175 2325 290 2394 firmis
303 2326 466 2394 instructa
481 2333 571 2395 sunt.
593 2329 688 2394 Hisce
706 2328 930 2396 munimentis
945 2351 1023 2419 spes
1041 2336 1113 2397 erat
1126 2331 1201 2396 fore
1223 2335 1260 2396 ut
1277 2331 1434 2398 incursus
1448 2331 1508 2399 ho·

175 2433 275 2500 stiles
297 2433 590 2522 propulsarentur.
611 2433 722 2503 Simul
742 2435 952 2522 praesidium
980 2435 1052 2502 illic
1078 2436 1311 2503 collocabatur
1332 2459 1365 2505 v.
1393 2444 1447 2519 61,
1476 2443 1514 2505 ut

177 2561 280 2607 mons
295 2539 376 2606 Sion
390 2548 600 2622 servaretur;
620 2540 761 2631 insuper
775 2539 938 2629 ὠχύρωσαν
954 2547 1024 2610 σύτο
1040 2533 1140 2630 τηρεῖν
1156 2551 1208 2626 τὴν
1226 2547 1423 2632 Βαιθσούρσιν,
1442 2567 1510 2632 quo

178 2644 248 2735 ipse
270 2667 371 2712 mons
386 2652 636 2736 protegeretur,
653 2646 755 2713 etiam
776 2646 961 2714 firmarunt
978 2648 1194 2738 Bethsuram,
1211 2670 1256 2714 ne
1275 2648 1348 2715 scil.
1370 2650 1508 2731 iterum,

178 2753 226 2819 uti
239 2753 373 2820 factum
393 2757 466 2820 erat
486 2758 564 2836 titt
585 2752 749 2841 (graece),
769 2775 809 2819 ex
827 2753 993 2820 Bethsura
1010 2741 1159 2844 impetus
1175 2760 1209 2821 et
1226 2755 1381 2822 incursus
1398 2756 1509 2838 fieret,
1542 2781 1545 2786 ’

178 2858 237 2925 sed
268 2863 309 2924 ut
336 2858 481 2926 haberet
511 2859 662 2949 populus
685 2859 915 2927 munitionem
940 2867 1061 2927 contra
1091 2861 1279 2928 Idumaeos.
1304 2861 1509 2948 Erigebatur

178 2966 296 3053 itaque
313 2964 489 3033 Bethsura
507 2987 566 3032 arx
586 2966 623 3032 in
647 2967 949 3058 propugnaculum
975 2967 1095 3057 templi
1119 2969 1176 3059 (ol.
1198 2967 1361 3059 Iosephus
1380 2969 1404 3036 l.
1425 2993 1454 3036 c.
1477 2973 1511 3035 et

179 3071 259 3139 Bell.
277 3069 351 3139 iud.
372 3071 492 3160 1,1,t).
1239 3069 1242 3074 ¹

402 3282 449 3340 10.
475 3278 641 3338 Vincuntur
653 3279 817 3356 Ericiniioc,
834 3278 976 3340 Bennitnc
995 3279 1179 3339 Arnntonitne
1201 3284 1293 3354 5,l·8.

213 3467 270 3527 5,1.
286 3465 542 3533 resarcionem
560 3468 784 3529 andieruntpcn·
870 3459 933 3527 5‚l.
958 3453 1011 3513 Καὶ
1042 3453 1143 3530 ἐγένετο
1170 3455 1213 3512 ὅτε
1242 3454 1358 3526 ἤκουσαν
1385 3453 1417 3512 τά
1444 3453 1508 3526 ἔθνη

180 3560 215 3603 tes
239 3557 271 3604 in
302 3555 417 3604 circuitu
447 3557 512 3617 qnia
542 3555 712 3620 aedificatum
745 3564 781 3604 cst
830 3543 954 3602 κυκλόθεν
973 3543 1012 3602 ὅτι
1031 3542 1190 3624 ᾠκοδομήθη
1210 3543 1239 3600 τὸ
1259 3543 1444 3622 θυσιαστήριον
1459 3543 1504 3602 καί

179 3642 264 3693 nitore
278 3651 302 3691 et
314 3645 501 3693 sanctae-rium
515 3642 581 3695 cient
594 3645 680 3708 prins,
694 3646 784 3694 iratae
829 3633 993 3705 ἐνεκαιυίσθη
1014 3632 1044 3689 τὸ
1063 3632 1184 3709 άγίασμα
1200 3635 1235 3700 ὡς
1253 3633 1283 3690 τὸ
1303 3633 1439 3712 πρότερον,
1457 3633 1502 3690 καί

178 3738 239 3780 sant
259 3731 355 3790 ootdc‚·
372 3734 398 3782 2.
414 3738 438 3780 at
460 3733 613 3794 recitabant
628 3731 720 3782 toliere
738 3747 782 3798 pc·
829 3721 998 3797 ὠργίσθησαν
1016 3721 1125 3800 σφόδρα.
1139 3724 1168 3780 2.
1188 3721 1232 3778 καί
1247 3719 1437 3780 ἐδουλώσαντο
1458 3726 1503 3779 τοῦ

178 3833 227 3869 nnc
250 3820 330 3871 lacot
354 3821 401 3882 qni
422 3828 501 3870 erant
525 3823 597 3871 inter
616 3835 657 3870 eos
678 3829 703 3872 ct
725 3837 784 3871 coc·
831 3800 892 3888 άραι
914 3810 943 3868 τὸ
964 3808 1037 3887 γένος
1062 3807 1161 3870 Ἰακὼύ
1184 3808 1242 3876 τοὺς
1268 3809 1345 3876 ὄντας
1371 3810 1397 3866 ἐν
1427 3811 1500 3887 μέσῳ

179 3915 275 3970 perant
307 3909 422 3958 occidere
453 3909 483 3958 dr
511 3910 611 3974 populo
639 3918 663 3960 et
689 3925 782 3976 perce·
830 3901 915 3957 αὐτῶν
937 3899 982 3956 καί
1001 3897 1113 3975 ἤρξαντο
1132 3904 1178 3958 τοῦ
1200 3903 1325 3956 θανατοῦν
1343 3900 1369 3956 ἐν
1388 3902 1426 3977 τῷ
1446 3898 1502 3978 λαῷ

181 3999 235 4057 qai.
252 3997 277 4049 3.
295 3999 329 4046 Et
349 3996 492 4048 debellavit
514 4000 596 4048 Indos
615 4000 686 4065 filios
710 4000 783 4049 Esau
830 3987 875 4046 καί
887 3986 1009 4066 ἐξαίρειν.
1020 3991 1048 4047 3.
1062 3985 1115 4047 Καί
1126 3985 1250 4060 ἐπολέμει
1265 3986 1363 4052 Ἰούδας
1375 3987 1439 4066 πρὸς
1450 3984 1508 4054 τούς

181 4085 210 4133 in
232 4085 358 4136 ldrnnoco
378 4093 401 4134 et
419 4100 461 4136 coc
484 4089 530 4150 qni
550 4095 627 4138 erarii
647 4091 678 4137 in
697 4091 782 4137 Acro·
830 4074 899 4143 υίοίις
909 4075 995 4136 Ἡσαῦ
1006 4077 1217 4158 ἐντῇἸδυυμαίογ
1226 4075 1272 4148 τὴν
1282 4075 1504 4158 ’λκριιύαττίνην,

183 4173 781 4237 bothone,qniccircnmscdcbontisraelitas,
830 4163 868 4222 δτι
893 4165 1085 4246 περιεκάθηντο
1108 4167 1151 4224 τὸν
1176 4165 1288 4244 Ἰσραὴλ
1308 4166 1353 4224 καὶ
1377 4164 1505 4234 ἐπάταξεν

182 4268 203 4309 ct
218 4266 348 4326 perctarit
363 4278 405 4313 cos
418 4264 504 4328 pinpo
518 4280 625 4329 monna.
830 4253 923 4322 αὐτοὺς
933 4255 1038 4332 πληγὴν
1052 4256 1171 4333 μεγάλην
1183 4255 1228 4342 κριλ
1238 4254 1401 4314 συνέστειλεν
1413 4253 1505 4320 αύτούς

217 4350 240 4399 t.
258 4353 291 4401 Et
315 4354 468 4402 recordatus
489 4360 525 4403 est
549 4355 685 4404 maiitiam
707 4356 782 4419 filio-
830 4342 876 4400 καί
894 4343 975 4402 ἔλαθε
996 4343 1030 4401 ab
1050 4345 1253 4403 σκῦλαάὐτῶν.
1271 4349 1299 4404 li.
1316 4342 1369 4402 liei
1388 4343 1506 4418 ἐμνήσθη

182 4451 240 4487 rum
252 4441 335 4500 licon,
352 4443 399 4504 qui
413 4450 490 4492 erant
502 4443 602 4507 populo
615 4445 645 4492 in
658 4444 784 4506 inquiam
830 4436 876 4501 τῆς
897 4432 993 4498 κακίας
1013 4436 1075 4490 υἱῶν
1096 4433 1180 4491 Batiai
1201 4431 1226 4489 oi
1247 4425 1313 4503 ἦσαν
1335 4435 1372 4508 τῷ
1392 4433 1449 4508 λαῷ
1473 4434 1508 4496 εἰς

183 4532 206 4573 ιι
224 4529 256 4576 in
273 4531 431 4579 scandatum
450 4532 613 4581 insidiantes
632 4533 657 4581 ei
676 4534 707 4580 in
726 4535 781 4583 oio.
830 4521 931 4601 παγίδα
953 4522 999 4579 κοιλ
1023 4522 1057 4588 είς
1081 4522 1228 4578 σκάνδαλον
1252 4525 1278 4579 ἐν
1302 4521 1340 4598 τῷ
1364 4516 1505 4596 ἐνεδρεύειν

184 4613 208 4662 5.
222 4617 254 4664 iit
269 4619 384 4668 conclusi
399 4628 460 4668 snnt
481 4622 514 4669 ab
532 4635 560 4669 eo
576 4623 605 4669 in
626 4621 745 4677 turribus
760 4629 783 4669 rt
831 4609 923 4675 ἀὐτούς
942 4611 968 4668 ἐν
988 4611 1044 4674 τοῖς
1064 4609 1141 4674 ὁδοῖς.
1162 4614 1190 4668 5.
1211 4609 1263 4667 Καὶ
1283 4605 1504 4676 συνεκλείσθησαν

184 4704 315 4767 applicuit
331 4709 365 4756 od
383 4723 425 4757 coc
444 4717 468 4758 et
486 4711 727 4759 anathematizavit
743 4725 784 4759 cor
831 4700 878 4756 ὑπ’
897 4700 975 4756 αὐτοῦ
996 4701 1031 4766 εἷς
1049 4695 1107 4764 τοὺς
1126 4698 1239 4774 πύργους
1258 4696 1303 4754 κοιλ
1323 4694 1503 4774 παρενέβαλεν

183 4797 206 4837 et
220 4793 338 4845 incendit
360 4804 447 4847 turres
467 4813 556 4848 rorum
576 4800 634 4861 igni
649 4813 706 4848 cnm
728 4813 785 4846 οιιι-
831 4786 874 4845 ἐπ’
888 4787 979 4854 αὐτούς
991 4788 1036 4846 καί
1049 4785 1236 4864 άνεθεμιίτισεν
1251 4784 1344 4852 αύτούς
1356 4783 1402 4843 καί
1418 4784 1508 4844 ἐνεπύ-
