3625 5367
709 350 737 408 l.
759 365 849 408 usco.
873 349 1015 421 aaa-36.
1491 349 1528 408 87

197 500 299 567 nibus
324 498 435 565 multa
458 521 530 564 non
555 497 803 564 deferebantur
825 522 857 567 v.
884 505 943 577 29;
969 499 1061 584 regis
1079 496 1171 564 enim
1191 497 1362 564 mandatis
1379 497 1528 563 maxima

197 606 315 673 effecta
334 610 383 672 est
402 604 633 695 perturbati03
655 604 756 671 multi
776 605 951 691 fugerant,
972 626 1043 671 sese
1059 597 1325 686 absconderant;
1342 603 1414 692 ipse
1436 604 1528 670 enim

196 736 237 780 eo
260 712 353 801 quod
374 732 473 778 sacra
496 733 584 801 quae
609 711 654 777 ab
670 711 909 799 antiquissimo
927 716 1079 799 tempore
1111 710 1268 797 legitima
1296 709 1526 792 habebantur,

198 818 317 885 tollere
337 825 371 884 et
386 817 525 884 abolere
547 817 749 900 conabatur,
767 816 1014 884 dissensionem
1037 822 1071 882 et
1096 818 1237 907 plagam
1252 815 1352 883 valde
1371 818 1527 884 nocivam

195 932 309 992 terrae
322 924 506 991 inflixerat.
530 923 623 990 Unde
643 922 768 1011 deserit
776 923 928 1012 persenia
945 922 1180 1004 delitescens,
1197 929 1231 989 at
1247 945 1304 990 rex
1319 923 1529 1013 profusionis

194 1055 236 1098 ao
251 1030 530 1117 magnificentiae
550 1035 624 1098 erat
646 1030 954 1120 appetentissimus,
977 1051 1048 1118 qua
1071 1051 1171 1116 reges
1186 1029 1272 1096 alios
1294 1051 1313 1095 a
1334 1051 1369 1095 se
1384 1051 1529 1118 supera-

197 1143 249 1205 tos
262 1159 335 1205 esse
348 1136 471 1204 merito
490 1138 618 1204 iactare
643 1138 770 1227 potuit3
792 1159 872 1203 nam
900 1163 916 1197 «
938 1136 1100 1202 ludorum
1124 1134 1382 1221 magnificentia
1400 1134 1529 1201 miran—

195 1245 311 1333 doque
333 1242 560 1311 solemnitatis
588 1247 758 1333 apparatu
779 1242 974 1332 superiores
1003 1240 1178 1332 principes
1199 1262 1317 1308 omnes
1340 1240 1528 1307 Antiochus

195 1350 373 1440 superavit
390 1379 406 1411 »
420 1349 530 1434 (Diod.
546 1350 713 1444 antae).
739 1348 865 1417 Timuit
888 1349 1004 1438 itaque
1021 1369 1063 1415 tte
1086 1370 1156 1414 aon
1170 1350 1307 1416 liaberet
1321 1355 1361 1428 ὡς
1378 1350 1455 1428 ἅπαξ
1479 1355 1529 1415 καὶ

193 1465 237 1537 δίς
255 1456 362 1524 semel
373 1455 581 1546 iterumque,
599 1456 663 1522 hac
684 1459 717 1524 et
732 1455 793 1522 illa
808 1455 893 1539 vice,
909 1454 1102 1544 aliquoties
1119 1455 1329 1544 quod'daret
1348 1455 1384 1520 in
1413 1475 1529 1543 surrip-

194 1576 248 1630 tus
264 1575 298 1629 et
326 1563 472 1630 donario
491 1568 588 1629 tanta
609 1562 808 1652 profusione
832 1563 921 1629 sieut
943 1568 1055 1629 antea.
1073 1566 1180 1639 Quare
1209 1560 1296 1628 sicut
1320 1567 1423 1627 antea
1447 1581 1529 1650 opes

193 1669 387 1737 abstulerat
397 1692 437 1736 ex
452 1673 609 1758 Aegypto
623 1669 751 1735 violato
769 1668 905 1734 foedere
919 1668 1019 1757 pueri
1034 1670 1125 1754 regis
1142 1667 1380 1733 Philometoris
1394 1667 1526 1755 (Polyb.

192 1776 400 1859 31,b,9l,ita
420 1773 512 1843 nunc
535 1771 750 1864 expeditione
766 1774 803 1841 in
818 1774 991 1842 Persidem
1010 1779 1165 1864 suscepta
1189 1796 1269 1863 opes
1294 1778 1328 1839 et
1346 1773 1528 1862 pecuniam

192 1882 357 1968 colligere
372 1881 492 1949 statuit
501 1881 640 1948 tributis
654 1881 790 1962 coactis,
806 1880 1041 1948 exactionibus
1060 1902 1099 1947 ac
1107 1878 1368 1969 spoliationibus
1379 1879 1434 1968 (ef.
1453 1878 1524 1966 a,1)

192 1996 237 2069 et,
257 1988 310 2055 uti
328 1988 505 2078 Appianas
525 1990 641 2070 refert,
663 1987 768 2054 etiam
789 1986 1042 2078 expeditionem
1070 1994 1189 2054 contra
1202 1985 1386 2068 Artaxiam,
1410 2006 1527 2070 regem

192 2095 434 2162 Armeniorum
454 2094 602 2184 suscepit
617 2117 764 2185 eumque
783 2096 900 2161 vivum
918 2093 1008 2183 oepit
1029 2093 1130 2183 (App.
1146 2095 1220 2180 Syr.
1235 2091 1310 2181 ῐι5);
1326 2091 1415 2159 unde
1431 2091 1528 2158 colli—

192 2224 279 2288 gere
293 2201 373 2268 licet
395 2223 473 2268 eum
489 2201 744 2268 incursionibus
760 2200 864 2268 variis
888 2222 970 2290 opes
985 2221 1183 2286 corrogasse
1197 2203 1353 2288 tempore
1375 2183 1469 2264 illius
1490 2197 1528 2264 in

193 2308 370 2376 Persidem
385 2307 613 2397 expeditionis
629 2308 685 2397 (cf.
704 2315 725 2374 Ξ
744 2308 847 2374 llac‘h.
866 2314 936 2389 93.
957 2314 994 2389 3;
1014 2307 1192 2396 Appianas
1209 2328 1346 2395 quoque
1367 2305 1472 2370 refert
1488 2304 1526 2393 (l.

193 2439 222 2482 c.
239 2415 300 2502 to)
316 2414 524 2481 Antiochum
536 2421 612 2503 post
627 2419 768 2504 captum
782 2414 955 2481 Artaxiam
976 2435 1049 2479 esse
1068 2411 1270 2500 mortuum).
1289 2417 1326 2478 ln
1345 2417 1438 2478 textu
1457 2432 1529 2476 non

193 2522 344 2589 habetur
358 2520 455 2610 quod
468 2520 571 2588 Niese
581 2520 655 2587 vult
672 2520 710 2609 (l.
726 2543 755 2587 c.
769 2543 803 2610 p.
819 2520 888 2608 th),
912 2540 1030 2605 regem
1048 2541 1118 2585 non
1139 2518 1300 2584 habuisse
1324 2519 1404 2583 satis
1422 2539 1528 2606 pecu-

192 2629 275 2695 niae
299 2627 342 2693 ad
362 2626 587 2694 rebellionem
608 2626 812 2693 ludaeorum
826 2612 1136 2719 comprimendam.
1154 2623 1251 2700 Quod
1265 2622 1400 2688 Tacitus
1418 2621 1525 2687 dicit:

193 2757 252 2802 rex
267 2733 467 2810 Antiochus
486 2733 669 2822 quominus
692 2731 903 2799 teterrimam
924 2736 1061 2817 gentem
1085 2732 1121 2796 in
1137 2729 1259 2796 melius
1276 2734 1434 2807 mutaret,
1448 2731 1528 2795 Par-

192 2841 334 2907 thorum
359 2838 450 2906 bello
466 2839 665 2928 prohibitus
685 2844 736 2906 est
757 2841 853 2926 (illst.
872 2840 954 2924 5,8),
974 2837 1147 2906 immerito
1166 2836 1215 2904 ita
1239 2834 1386 2924 explicat
1414 2834 1526 2916 Niese,

192 2970 231 3014 ac
245 2945 283 3013 si·
292 2945 380 3012 ratio
398 2943 460 3012 illa
475 2946 733 3035 conquirendae
748 2945 916 3036 pecuniae
937 2944 1140 3034 neutiquam
1157 2943 1338 3010 consistere
1358 2947 1482 3032 posset.

235 3051 292 3120 Ad
318 3051 458 3139 negotia
481 3053 583 3140 regni
605 3053 758 3139 gerenda
784 3052 924 3140 reliquit
949 3052 1079 3138 Lysiam
1110 3073 1140 3116 v.
1168 3048 1347 3117 sevirum
1376 3049 1529 3114 nobilem

193 3163 251 3229 ἀπὸ
268 3169 374 3246 γένους
389 3177 445 3243 τῆς
471 3166 623 3241 βασιλείας
638 3158 774 3226 videtur
790 3157 833 3224 ad
856 3159 1008 3224 litteram
1027 3157 1230 3223 translatum
1246 3178 1285 3222 ex
1305 3147 1426 3220 asthma
1449 3169 1528 3223 trun

195 3266 253 3355 (de
277 3264 406 3332 semine
427 3263 550 3350 regali,
567 3265 662 3351 vulg.
683 3270 747 3332 ler.
766 3270 861 3346 e1‚1·‚
881 3268 962 3329 Lxx
981 3267 1039 3332 tat
1063 3274 1169 3348 γένους
1191 3280 1245 3344 τῆς
1270 3259 1452 3348 βασιλείας),
1470 3260 1529 3348 qui

193 3373 312 3460 itaque
335 3371 381 3436 ob
401 3370 504 3437 talem
533 3371 750 3437 nobilitatem
773 3376 852 3459 apte
877 3369 978 3455 regni
999 3368 1257 3435 administrator
1279 3365 1439 3432 constitui
1467 3388 1530 3455 po-

194 3483 296 3545 terat.
318 3469 369 3543 lta
392 3476 623 3545 communiter
646 3477 826 3566 explicant.
850 3480 892 3542 At
914 3475 1035 3541 merito
1057 3479 1174 3540 monet
1195 3472 1296 3542 Niese
1321 3475 1368 3562 (p.
1391 3471 1448 3561 51)
1471 3475 1529 3541 ich

194 3596 300 3671 γένους
315 3601 368 3668 τῆς
390 3591 540 3664 βασιλείας
566 3583 679 3672 potius
699 3581 962 3668 intelligendum
982 3603 1053 3647 esse
1078 3578 1266 3646 secundum
1288 3586 1308 3644 2
1328 3579 1431 3646 llach.
1451 3584 1527 3660 11,1

195 3690 257 3758 ubi
283 3690 410 3778 Lysias⁴
426 3694 569 3757 vocatur
594 3697 741 3776 συγγενὴς
767 3691 872 3775 regis,
903 3688 963 3778 qui
999 3687 1119 3753 titulus
1154 3691 1203 3752 est
1233 3684 1428 3771 dignitatis,
1459 3707 1530 3751 non

196 3795 423 3884 cognationis.
441 3796 553 3881 Regni
568 3795 772 3882 magnitudo
792 3793 997 3862 describitur
1012 3793 1056 3860 ab
1070 3792 1245 3881 Euphrate
1264 3812 1373 3879 usque
1388 3790 1431 3856 ad
1446 3789 1531 3857 fines

197 3902 352 3992 (flumen)
369 3904 530 3992 Aegypti.
554 3902 664 3968 Simul
686 3925 787 3969 curae
811 3902 885 3967 eius
906 3900 1077 3967 commisit
1096 3898 1302 3966 Antiochum
1325 3897 1447 3978 filium,
1471 3895 1531 3984 qui

196 4015 314 4097 postea
334 4013 485 4098 Eupator
504 4009 769 4094 cognominatus
783 4012 834 4075 est
854 4008 912 4097 (cf.
931 4012 1069 4088 &1728
1084 4027 1176 4094 seq.·;
1192 4010 1261 4087 73.
1284 4003 1426 4072 hllacb.
1454 4007 1528 4083 13,1

195 4115 295 4204 seq).
312 4120 357 4182 lle
373 4114 506 4182 ludaeis
520 4137 601 4182 vero
616 4114 885 4204 comprimendis
901 4119 935 4181 et
953 4111 1181 4202 exstirpandis
1196 4112 1227 4177 ei
1242 4111 1403 4178 mandata
1424 4109 1528 4190 dedit,

197 4222 288 4309 quod
308 4226 346 4288 ut
365 4222 516 4288 efficeret
535 4221 715 4288 dimidiam
731 4229 864 4310 partem
880 4221 1054 4310 copiarum
1074 4220 1104 4285 ei
1121 4217 1261 4306 reliquit
1281 4223 1314 4284 ot
1329 4217 1532 4307 elephantos

199 4328 254 4413 (of.
279 4333 357 4409 6,3l
380 4327 482 4418 seq).
506 4333 543 4392 ln
565 4327 637 4394 acie
660 4331 829 4395 exercitus
852 4327 1011 4393 Antiochi
1035 4324 1343 4414 flagri-elephanti
1368 4329 1465 4390 erant
1484 4323 1533 4388 vi-

193 4433 285 4516 ginti
308 4435 378 4502 duo
406 4434 608 4524 (Appianas
634 4439 708 4520 Syr.
734 4440 804 4520 32).
831 4439 868 4498 ln
893 4433 1034 4519 regione
1062 4436 1177 4499 autem
1212 4429 1345 4496 ludaeis
1373 4427 1532 4494 fidelibus

201 4540 370 4606 exstinctis
393 4539 605 4626 alienigenas
627 4539 790 4610 collocari
818 4539 916 4606 iussit
947 4537 1086 4604 colonos
1114 4535 1232 4624 eisque
1262 4556 1363 4621 agros
1392 4534 1533 4600 attribui

200 4665 233 4710 v.
252 4650 304 4716 36.
327 4651 410 4714 Vere
435 4648 551 4736 itaque
570 4644 727 4712 iudaicae
750 4645 861 4731 gentis
882 4644 1062 4711 interitum
1084 4643 1205 4722 ¹voluit,
1223 4640 1390 4707 cumiam
1412 4638 1532 4729 despe-

202 4758 290 4818 raret
316 4775 373 4820 eos
402 4753 570 4842 possead
596 4752 728 4819 cultum
761 4773 941 4840 moresque
971 4755 1178 4816 Graecorum
1204 4746 1280 4834 cogi
1311 4769 1349 4813 ac
1377 4746 1529 4836 perduci.
