3625 5367
1531 7 1544 11 ..
1575 9 1799 119 ,Ὗ.,,...-

266 377 324 436 168
780 380 808 436 l.
832 393 925 438 utcu.
948 381 1086 450 hat-33.

269 541 393 589 ciderunt
415 539 553 589 uulnerati
572 538 652 589 oculta·
667 546 691 588 et
714 540 816 589 residui
831 539 872 603 fu·
919 531 1013 608 ἔφυγον
1027 532 1063 596 εἰς
1074 529 1104 588 τὸ
1115 528 1173 610 ὄρος
1187 529 1232 589 καὶ
1247 530 1341 588 elata
1356 531 1443 588 niuea
1463 528 1497 588 rb
1512 532 1597 589 σκῦλα

269 636 365 692 peruret
381 630 413 678 ia
434 636 533 678 montes
555 636 580 678 et
604 637 761 694 acceperant
781 631 874 678 omnia
920 620 1018 679 αὐτῶν.

269 716 471 782 spotineorum.
575 745 578 749 -

305 833 872 897 ll.Etcoacerscesuntaupttaeintactum,
967 825 1011 881 ll.
1037 823 1090 884 Καὶ
1104 821 1272 902 μετεστράφη
1294 826 1308 880 ὁ
1331 822 1416 898 γάμος
1435 824 1471 888 εἰς
1492 821 1597 895 πένθος,

269 929 292 971 et
306 937 354 972 cor
368 924 527 972 musicorum
539 924 659 987 ipsorum
674 924 704 971 ia
717 922 871 973 lomentum.
920 910 965 969 καὶ
979 916 996 981 ἡ
1011 909 1083 994 φωνὴ
1100 914 1234 987 μουσικῶν
1249 913 1336 969 αὐτῶν
1351 912 1387 978 εἰς
1401 915 1505 990 θρῆνον.

308 1073 352 1123 m.
371 1074 404 1123 Et
422 1075 629 1124 vindicaverunt
644 1063 796 1124 ‘vindictam
812 1088 875 1126 son·
961 1065 1010 1122 lt.
1035 1062 1089 1122 Καὶ
1105 1061 1257 1132 ἐξεδίκησον
1271 1061 1321 1134 τὴν
1338 1061 1471 1134 ἐκδίκησιν
1486 1058 1599 1137 αἵματος

273 1164 366 1225 putata
387 1162 485 1226 (ratum
509 1164 553 1214 rui
577 1171 602 1214 et
628 1165 729 1214 rec-erar·
754 1170 817 1212 cunt
840 1165 875 1212 ad
921 1151 1033 1232 ἀδελφοῦ
1056 1152 1153 1225 αὐτῶν,
1173 1151 1219 1210 καὶ
1241 1149 1412 1232 ἀπέστρεψαν
1434 1152 1471 1217 εἰς
1491 1151 1521 1209 τὸ
1542 1149 1600 1216 ἕλος

275 1253 364 1315 ripam
378 1252 514 1302 lordonis.
921 1245 967 1298 mir
981 1239 1128 1320 Ἰορδάνου.

306 1437 337 1486 ln
352 1450 379 1486 v.
397 1438 429 1487 35
448 1435 536 1488 'fertur
551 1439 716 1502 plerumque
730 1454 773 1488 aar
789 1434 934 1488 απεοτεελεν
953 1453 996 1489 τον
1017 1435 1125 1506 οδελρον
1140 1455 1213 1488 aurea
1232 1442 1316 1503 (itate
1333 1438 1414 1488 Α23.
1431 1437 1474 1489 al.
1492 1438 1536 1488 55.
1554 1437 1597 1488 6⁶2.

271 1527 296 1575 al
306 1520 378 1596 31sed
393 1529 468 1578 certe
479 1527 629 1590 legendum
642 1529 684 1578 est
698 1541 761 1578 cnm
775 1528 793 1579 S
809 1529 853 1580 93.
870 1529 915 1580 tl.
935 1529 966 1604 lit
979 1525 1092 1580 Ιωνοιθαν
1105 1543 1148 1578 τον
1162 1529 1275 1592 lacrum
1291 1523 1406 1594 οόιλρον.

314 1709 500 1777 Bacchides
510 1711 765 1801 quamprimum
779 1712 905 1780 certior
920 1713 1029 1780 factus
1039 1716 1089 1779 est
1101 1711 1242 1780 ludaeos
1258 1710 1403 1778 rebelles
1417 1709 1484 1777 sibi
1502 1716 1601 1777 lona·

269 1815 355 1882 than
366 1815 512 1884 alterum
525 1817 683 1903 selegisse
696 1818 944 1907 ducem,¹hunc
963 1819 1160 1885 interimere
1174 1817 1363 1907 quaerebat
1379 1841 1410 1884 v.
1433 1823 1488 1884 32.
1513 1816 1600 1884 Peri-

271 1921 349 1987 culo
365 1923 501 2007 cognito
515 1923 682 2008 lonathau
702 1926 807 1991 satius
820 1925 918 1991 duxit
941 1947 975 1992 se
993 1947 1140 2014 suosque
1158 1926 1243 2011 luga
1257 1924 1449 1992 subducere
1467 1911 1602 1990 insidiis

272 2028 465 2109 Bacchidis;
482 2033 580 2094 erant
598 2029 689 2094 enim
704 2029 824 2097 fideles
838 2030 958 2098 ludaei
976 2031 1074 2122 pauci
1092 2055 1156 2099 nec
1171 2037 1222 2099 tot
1243 2031 1395 2098 hostibus
1414 2037 1447 2097 et
1466 2035 1601 2120 aposta-

270 2133 528 2223 tis1resistendo
542 2156 658 2225 pares,
676 2126 768 2203 unde
789 2159 861 2203 sese
884 2145 1088 2227 receperunt
1108 2138 1145 2204 ia
1170 2137 1339 2204 desertum
1367 2137 1538 2222 Tlrecnae,·
1552 2140 1602 2204 est

272 2242 408 2308 Theaua
429 2239 514 2307 urbs
539 2240 575 2307 in
597 2242 684 2308 colle
707 2243 785 2323 sita,
802 2265 860 2309 sex
881 2243 992 2312 millia
1009 2266 1170 2334 passuum
1190 2244 1321 2311 distans
1340 2266 1360 2311 a
1385 2243 1598 2322 Bethlehem,

272 2348 363 2415 inter
381 2346 560 2414 meridiem
576 2357 612 2415 et
625 2354 740 2416 ortum
753 2348 834 2415 solis
852 2357 1025 2440 spectans;
1043 2351 1123 2418 inde
1139 2373 1246 2440 usque
1261 2351 1306 2417 ad
1319 2371 1413 2417 marc
1424 2355 1599 2415 mortuum

272 2454 467 2532 extenditur
484 2453 657 2522 desertum
675 2477 714 2521 ex
731 2455 790 2524 illa
808 2456 894 2523 urbe
918 2456 1131 2546 appellatum
1155 2460 1177 2523 i.
1195 2480 1227 2525 e.
1245 2457 1341 2544 regio
1364 2476 1436 2522 non
1455 2453 1598 2543 quidem

272 2561 365 2647 agris
381 2561 546 2640 colendis,
571 2561 632 2628 sed
657 2561 768 2628 solum
797 2563 965 2650 gregibus
983 2563 1162 2654 pascendis
1183 2569 1281 2654 apta;
1309 2578 1342 2630 et
1362 2560 1598 2640 consederant,

271 2676 472 2755 παρενέόαλον
487 2673 597 2734 castra
620 2676 808 2755 posuerunt
831 2668 873 2735 ad
894 2692 1019 2760 aquam
1039 2677 1158 2740 λάκκου
1184 2671 1299 2758 Ἀσφὰρ
1321 2671 1486 2736 cisternae
1506 2667 1601 2756 (item

272 2779 304 2855 S,
323 2774 365 2862 s),
383 2797 464 2842 nam
476 2781 590 2855 λάκκος
606 2777 685 2840 Lxx
696 2774 837 2863 ponitur
849 2798 912 2864 pro
926 2788 1000 2850 aaa,
1016 2793 1067 2842 tt:
1083 2777 1243 2858 cisterna,
1262 2782 1387 2865 puteus
1400 2775 1456 2864 (cl.
1472 2773 1601 2841 Halet-

193 2904 204 2924 ··
273 2879 440 2971 Redpatt,
466 2879 705 2948 Concordance
734 2889 768 2946 to
791 2882 849 2948 the
874 2884 1135 2972 Septuagintll.
1157 2879 1601 2971 841),eteademnotione

273 2987 366 3076 apud
380 2988 549 3077 profanos.
568 2989 724 3053 Ceterum
742 2985 889 3054 cisterna
909 2988 964 3054 vel
986 2996 1107 3077 puteus
1125 2991 1259 3078 hsphar
1280 2988 1438 3056 nondum
1453 2987 1603 3054 innotuit

273 3095 315 3182 (Α
333 3093 465 3181 Accae).
483 3098 605 3159 Verum
621 3091 819 3171 Bacchides,
837 3093 977 3160 ubinam
994 3103 1104 3161 essent
1119 3096 1265 3162 rebelles
1279 3093 1405 3178 ludaei,
1424 3117 1504 3162 mox
1515 3092 1603 3159 didi·

274 3199 335 3282 cit;
358 3223 398 3268 ex
411 3222 535 3287 graeco
553 3185 592 3266 id
603 3198 725 3265 didicit
744 3197 800 3264 die
818 3200 969 3288 quodam
984 3201 1120 3268 sabbati
1141 3203 1237 3290 (item
1262 3207 1295 3282 S,
1311 3201 1339 3288 s)
1355 3209 1389 3268 et
1400 3199 1514 3268 statim
1531 3198 1605 3290 ipse

274 3314 308 3375 et
322 3306 439 3396 omnis]
453 3305 619 3373 exercitus
638 3305 711 3372 eius
730 3304 825 3371 venit
843 3311 934 3388 ἦλθεν
959 3318 1051 3396 πέραν
1067 3325 1117 3376 τοῦ
1140 3311 1290 3397 Ἰορδάνου
1311 3307 1428 3375 —sed
1447 3329 1509 3373 cur
1524 3328 1604 3396 pro-

273 3417 383 3482 fectus
395 3420 443 3480 est
460 3426 554 3479 trans
568 3411 769 3478 lordanem‘t
787 3416 827 3479 Ut
847 3413 911 3480 hoc
926 3413 1123 3503 explicetur,
1142 3416 1305 3484 inseritur
1323 3413 1479 3482 narratio
1498 3435 1529 3479 ν.
1546 3419 1604 3478 33-

274 3527 316 3588 bh
341 3542 411 3608 qua
429 3524 573 3608 apparet
596 3519 769 3608 quomodo
792 3519 952 3586 lonathas
973 3527 1007 3587 et
1035 3520 1151 3588 ludaei
1175 3543 1215 3588 ex
1238 3521 1371 3589 deserto
1393 3521 1547 3587 Thecuae
1566 3519 1605 3586 in

273 3630 407 3718 partem
434 3624 588 3692 lardanis
609 3625 811 3692 orientalem
833 3628 1002 3694 venerint.
1026 3631 1114 3694 llaec
1134 3627 1252 3716 itaque
1270 3627 1423 3694 narratio
1450 3631 1604 3715 tempore

275 3739 355 3803 ante
372 3757 404 3802 v.
418 3740 460 3802 tt
482 3731 678 3799 collocanda
700 3737 749 3799 est
768 3737 802 3797 et
819 3731 987 3799 sententia
1005 3733 1042 3798 in
1060 3755 1091 3800 ν.
1109 3740 1151 3802 St
1177 3733 1274 3822 quasi
1294 3733 1604 3822 praeoccupatione

275 3864 336 3909 sen
364 3839 606 3929 anticipatione
621 3838 771 3928 quadam
790 3860 830 3906 co
846 3839 918 3906 loco
936 3838 1064 3926 legitur
1084 3847 1117 3906 et
1136 3839 1276 3907 demum
1292 3863 1323 3906 v.
1344 3845 1385 3906 t3
1402 3840 1527 3906 iterum
1547 3859 1600 3905 as-

272 3947 429 4015 sumitur.

319 4053 478 4120 lonathas
497 4051 568 4117 scil.
592 4051 731 4118 miserat
747 4051 889 4118 fratrem
909 4074 1025 4130 suum,
1039 4059 1204 4120 loannem
1226 4063 1392 4139 ἡγούμενον
1416 4069 1466 4120 τοῦ
1487 4058 1601 4138 ὄχλου,

275 4159 397 4225 duc-em
414 4157 547 4240 turbae,
567 4179 614 4224 sc.
630 4157 827 4238 mulierum,
843 4181 1044 4247 puerorum,
1060 4159 1209 4226 militum
1226 4159 1358 4248 aliquot
1370 4157 1546 4238 comitum,
1570 4162 1607 4223 ut

276 4289 337 4356 per
356 4287 431 4332 enm
453 4269 591 4350 rogaret
616 4263 846 4351 Nabathaeos,
865 4266 992 4333 amicos
1019 4266 1224 4334 ludaeorum
1253 4267 1309 4354 (cf.
1328 4265 1434 4353 5,·25)‚
1457 4270 1495 4330 ut
1512 4261 1607 4352 apud

275 4396 309 4442 se
323 4372 534 4462 deponerent
550 4369 596 4460 (et
609 4372 643 4436 in
659 4377 732 4438 tuto
752 4371 973 4460 collocarent)
993 4373 1156 4441 sarcinas.
1175 4373 1288 4439 Voluit
1306 4373 1423 4460 itaque
1444 4370 1606 4437 lonathas

274 4478 453 4549 consulere
467 4479 641 4546 securitati
661 4479 847 4547 mulierum
866 4484 899 4545 et
919 4480 1103 4547 infantium
1121 4484 1153 4547 et
1170 4479 1357 4570 plurimam
1379 4475 1605 4567 suppellecti-

275 4590 343 4655 lem
364 4589 427 4673 (τὴν
446 4589 612 4670 ἀποσκευὴν
626 4595 679 4669 τὴν
699 4585 831 4673 πολλὴν)
847 4585 883 4651 in
900 4584 974 4652 loca
993 4591 1067 4654 tuta
1091 4588 1288 4665 transleme;
1310 4583 1346 4651 in
1368 4583 1503 4652 deserto
1520 4581 1605 4649 The·

275 4715 358 4760 cuae
376 4693 563 4782 irruptioni
579 4698 744 4779 Syrorum
765 4715 805 4757 ac
824 4691 1087 4780 depraedationi
1106 4692 1281 4783 patebant.
1301 4695 1410 4768 Quare
1430 4690 1476 4758 ad
1490 4686 1604 4784 Nabu-

160 4796 165 4801 ’
276 4800 394 4864 tbaeos
409 4798 537 4865 amicos
553 4803 649 4864 trans
664 4798 844 4864 Iordanem
864 4803 973 4864 totum
990 4805 1219 4866 commeatum
1237 4798 1324 4865 duce
1339 4797 1446 4864 fratre
1462 4819 1522 4864 suo
1539 4793 1605 4861 mi·
