<?xml version="1.0" encoding="UTF-8"?>
<!DOCTYPE html PUBLIC "-//W3C//DTD XHTML 1.0 Transitional//EN"
    "http://www.w3.org/TR/xhtml1/DTD/xhtml1-transitional.dtd">
<html xmlns="http://www.w3.org/1999/xhtml" xml:lang="en" lang="en">
 <head>
  <title>
</title>
<meta http-equiv="Content-Type" content="text/html;charset=utf-8" />
  <meta name='ocr-system' content='tesseract 3.04.00' />
  <meta name='ocr-capabilities' content='ocr_page ocr_carea ocr_par ocr_line ocrx_word'/>
</head>
<body>
  <div class='ocr_page' id='page_1' title='image "./commentariusind00knabgoog/commentariusind00knabgoog_0043.png"; bbox 0 0 3625 5367; ppageno 0'>
   <div class='ocr_carea' id='block_1_1' title="bbox 724 389 1595 453">
    <p class='ocr_par' dir='ltr' id='par_1_1' title="bbox 724 389 1595 453">
     <span class='ocr_line' id='line_1_1' title="bbox 724 389 1595 453; baseline 0.002 -3"><span class='ocrx_word' id='word_1_1' title='bbox 724 406 762 450; x_wconf 81' lang='lat' dir='ltr'><strong>uu</strong></span> <span class='ocrx_word' id='word_1_2' title='bbox 781 406 889 452; x_wconf 74' lang='lat' dir='ltr'><strong>lunone</strong></span> <span class='ocrx_word' id='word_1_3' title='bbox 912 406 1127 451; x_wconf 71' lang='lat' dir='ltr'><strong>assumimus.</strong></span> <span class='ocrx_word' id='word_1_4' title='bbox 1280 389 1283 393; x_wconf 69' lang='grc'><strong><em>’</em></strong></span> <span class='ocrx_word' id='word_1_5' title='bbox 1556 394 1595 453; x_wconf 70' lang='lat'><strong>29</strong></span> 
     </span>
    </p>
   </div>
   <div class='ocr_carea' id='block_1_2' title="bbox 257 538 1595 1056">
    <p class='ocr_par' dir='ltr' id='par_1_2' title="bbox 257 538 1595 1056">
     <span class='ocr_line' id='line_1_2' title="bbox 257 538 1593 630; baseline -0.001 -20"><span class='ocrx_word' id='word_1_6' title='bbox 257 542 517 610; x_wconf 80' lang='lat' dir='ltr'>renovationem</span> <span class='ocrx_word' id='word_1_7' title='bbox 530 540 604 607; x_wconf 89' lang='lat' dir='ltr'><strong>loco</strong></span> <span class='ocrx_word' id='word_1_8' title='bbox 616 561 686 607; x_wconf 87' lang='lat' dir='ltr'><strong>esse</strong></span> <span class='ocrx_word' id='word_1_9' title='bbox 695 538 865 607; x_wconf 88' lang='lat' dir='ltr'><strong>inclusam</strong></span> <span class='ocrx_word' id='word_1_10' title='bbox 881 562 987 630; x_wconf 89' lang='lat' dir='ltr'><strong>quam</strong></span> <span class='ocrx_word' id='word_1_11' title='bbox 1004 539 1217 630; x_wconf 87' lang='lat' dir='ltr'><strong>ineptissimo</strong></span> <span class='ocrx_word' id='word_1_12' title='bbox 1234 538 1362 628; x_wconf 85' lang='lat' dir='ltr'><strong>(lsrael.</strong></span> <span class='ocrx_word' id='word_1_13' title='bbox 1380 541 1593 623; x_wconf 85' lang='lat' dir='ltr'><strong>Geschichte,</strong></span> 
     </span>
     <span class='ocr_line' id='line_1_3' title="bbox 258 646 1594 745; baseline -0.001 -29"><span class='ocrx_word' id='word_1_14' title='bbox 258 655 291 718; x_wconf 76' lang='lat'><strong>2.</strong></span> <span class='ocrx_word' id='word_1_15' title='bbox 306 649 361 716; x_wconf 90' lang='lat' dir='ltr'><strong>ed.</strong></span> <span class='ocrx_word' id='word_1_16' title='bbox 379 671 415 737; x_wconf 91' lang='lat' dir='ltr'><strong>p.</strong></span> <span class='ocrx_word' id='word_1_17' title='bbox 433 647 528 745; x_wconf 64' lang='lat'><strong>2355);</strong></span> <span class='ocrx_word' id='word_1_18' title='bbox 545 646 766 714; x_wconf 83' lang='lat' dir='ltr'><strong>verumialso</strong></span> <span class='ocrx_word' id='word_1_19' title='bbox 782 647 944 736; x_wconf 87' lang='lat' dir='ltr'><strong>ipsoram</strong></span> <span class='ocrx_word' id='word_1_20' title='bbox 962 654 1099 727; x_wconf 80' lang='lat' dir='ltr'><strong>narrat3</strong></span> <span class='ocrx_word' id='word_1_21' title='bbox 1116 668 1210 727; x_wconf 91' lang='lat' dir='ltr'><strong>nam,</strong></span> <span class='ocrx_word' id='word_1_22' title='bbox 1226 646 1278 713; x_wconf 94' lang='lat' dir='ltr'><strong>uti</strong></span> <span class='ocrx_word' id='word_1_23' title='bbox 1289 648 1366 736; x_wconf 91' lang='lat' dir='ltr'><strong>ipsa</strong></span> <span class='ocrx_word' id='word_1_24' title='bbox 1384 647 1594 737; x_wconf 81' lang='lat' dir='ltr'><strong>expositione</strong></span> 
     </span>
     <span class='ocr_line' id='line_1_4' title="bbox 257 750 1595 846; baseline 0 -24"><span class='ocrx_word' id='word_1_25' title='bbox 257 759 366 846; x_wconf 90' lang='lat' dir='ltr'><strong>patet,</strong></span> <span class='ocrx_word' id='word_1_26' title='bbox 379 754 556 821; x_wconf 90' lang='lat' dir='ltr'><strong>renovatio</strong></span> <span class='ocrx_word' id='word_1_27' title='bbox 570 775 641 820; x_wconf 91' lang='lat' dir='ltr'><strong>non</strong></span> <span class='ocrx_word' id='word_1_28' title='bbox 659 750 823 820; x_wconf 89' lang='lat' dir='ltr'><strong>inseritur</strong></span> <span class='ocrx_word' id='word_1_29' title='bbox 829 752 921 821; x_wconf 89' lang='lat' dir='ltr'><strong>inter</strong></span> <span class='ocrx_word' id='word_1_30' title='bbox 933 752 1114 820; x_wconf 87' lang='lat' dir='ltr'><strong>victoriam</strong></span> <span class='ocrx_word' id='word_1_31' title='bbox 1128 757 1163 819; x_wconf 90' lang='lat' dir='ltr'><strong>et</strong></span> <span class='ocrx_word' id='word_1_32' title='bbox 1176 752 1449 841; x_wconf 74' lang='lat' dir='ltr'><strong>persecutionem</strong></span> <span class='ocrx_word' id='word_1_33' title='bbox 1468 756 1595 823; x_wconf 86' lang='lat' dir='ltr'><strong>exerci-</strong></span> 
     </span>
     <span class='ocr_line' id='line_1_5' title="bbox 258 858 1593 951; baseline 0 -24"><span class='ocrx_word' id='word_1_34' title='bbox 258 868 314 929; x_wconf 91' lang='lat' dir='ltr'><strong>tus</strong></span> <span class='ocrx_word' id='word_1_35' title='bbox 333 860 416 927; x_wconf 87' lang='lat' dir='ltr'><strong>victi</strong></span> <span class='ocrx_word' id='word_1_36' title='bbox 439 860 542 951; x_wconf 88' lang='lat' dir='ltr'><strong>(quae</strong></span> <span class='ocrx_word' id='word_1_37' title='bbox 566 858 744 927; x_wconf 80' lang='lat' dir='ltr'><strong>collocatio</strong></span> <span class='ocrx_word' id='word_1_38' title='bbox 769 858 888 948; x_wconf 88' lang='lat' dir='ltr'><strong>utique</strong></span> <span class='ocrx_word' id='word_1_39' title='bbox 916 864 1003 926; x_wconf 86' lang='lat' dir='ltr'><strong>esset</strong></span> <span class='ocrx_word' id='word_1_40' title='bbox 1023 882 1241 949; x_wconf 89' lang='lat' dir='ltr'><strong>summopere</strong></span> <span class='ocrx_word' id='word_1_41' title='bbox 1264 860 1395 949; x_wconf 88' lang='lat' dir='ltr'><strong>inepta)</strong></span> <span class='ocrx_word' id='word_1_42' title='bbox 1415 861 1593 945; x_wconf 73' lang='lat' dir='ltr'><strong>sed12,2t</strong></span> 
     </span>
     <span class='ocr_line' id='line_1_6' title="bbox 258 965 1594 1056; baseline 0.001 -22"><span class='ocrx_word' id='word_1_43' title='bbox 258 968 368 1035; x_wconf 89' lang='lat' dir='ltr'><strong>altera</strong></span> <span class='ocrx_word' id='word_1_44' title='bbox 386 966 593 1034; x_wconf 82' lang='lat' dir='ltr'><strong>describitur</strong></span> <span class='ocrx_word' id='word_1_45' title='bbox 616 965 801 1056; x_wconf 83' lang='lat' dir='ltr'><strong>expeditio,</strong></span> <span class='ocrx_word' id='word_1_46' title='bbox 818 971 921 1055; x_wconf 89' lang='lat' dir='ltr'><strong>prout</strong></span> <span class='ocrx_word' id='word_1_47' title='bbox 945 970 1064 1033; x_wconf 81' lang='lat' dir='ltr'><strong>auctor</strong></span> <span class='ocrx_word' id='word_1_48' title='bbox 1087 987 1184 1032; x_wconf 85' lang='lat' dir='ltr'><strong>sacer</strong></span> <span class='ocrx_word' id='word_1_49' title='bbox 1201 965 1293 1032; x_wconf 89' lang='lat' dir='ltr'><strong>clare</strong></span> <span class='ocrx_word' id='word_1_50' title='bbox 1311 965 1443 1033; x_wconf 88' lang='lat' dir='ltr'><strong>indicat</strong></span> <span class='ocrx_word' id='word_1_51' title='bbox 1456 974 1490 1033; x_wconf 89' lang='lat' dir='ltr'><strong>et</strong></span> <span class='ocrx_word' id='word_1_52' title='bbox 1502 991 1536 1033; x_wconf 79' lang='lat' dir='ltr'><strong>v.</strong></span> <span class='ocrx_word' id='word_1_53' title='bbox 1552 975 1594 1037; x_wconf 72' lang='lat'><strong>25</strong></span> 
     </span>
    </p>
   </div>
   <div class='ocr_carea' id='block_1_3' title="bbox 158 1071 1700 1162">
    <p class='ocr_par' dir='ltr' id='par_1_3' title="bbox 158 1071 1700 1162">
     <span class='ocr_line' id='line_1_7' title="bbox 158 1071 1700 1162; baseline -0.001 -21"><span class='ocrx_word' id='word_1_54' title='bbox 158 1156 160 1160; x_wconf 23' lang='grc' dir='ltr'>Ι</span> <span class='ocrx_word' id='word_1_55' title='bbox 258 1079 376 1162; x_wconf 88' lang='lat' dir='ltr'><strong>aperte</strong></span> <span class='ocrx_word' id='word_1_56' title='bbox 401 1072 550 1139; x_wconf 85' lang='lat' dir='ltr'><strong>affirmat</strong></span> <span class='ocrx_word' id='word_1_57' title='bbox 568 1072 830 1138; x_wconf 77' lang='lat' dir='ltr'><strong>seribensznon</strong></span> <span class='ocrx_word' id='word_1_58' title='bbox 847 1071 939 1139; x_wconf 92' lang='lat' dir='ltr'><strong>enim</strong></span> <span class='ocrx_word' id='word_1_59' title='bbox 963 1071 1106 1138; x_wconf 84' lang='lat' dir='ltr'><strong>dederat</strong></span> <span class='ocrx_word' id='word_1_60' title='bbox 1129 1072 1177 1138; x_wconf 91' lang='lat' dir='ltr'><strong>eis</strong></span> <span class='ocrx_word' id='word_1_61' title='bbox 1199 1071 1348 1160; x_wconf 88' lang='lat' dir='ltr'><strong>spatium</strong></span> <span class='ocrx_word' id='word_1_62' title='bbox 1375 1080 1412 1139; x_wconf 92' lang='lat' dir='ltr'><strong>ut</strong></span> <span class='ocrx_word' id='word_1_63' title='bbox 1430 1071 1595 1160; x_wconf 86' lang='lat' dir='ltr'><strong>ingrede-</strong></span> <span class='ocrx_word' id='word_1_64' title='bbox 1696 1113 1700 1119; x_wconf 90' lang='lat'>·</span> 
     </span>
    </p>
   </div>
   <div class='ocr_carea' id='block_1_4' title="bbox 167 1177 1596 4882">
    <p class='ocr_par' dir='ltr' id='par_1_4' title="bbox 259 1177 1596 1692">
     <span class='ocr_line' id='line_1_8' title="bbox 259 1177 1596 1268; baseline -0.001 -21"><span class='ocrx_word' id='word_1_65' title='bbox 259 1185 380 1247; x_wconf 90' lang='lat' dir='ltr'><strong>rentur</strong></span> <span class='ocrx_word' id='word_1_66' title='bbox 394 1179 572 1265; x_wconf 81' lang='lat' dir='ltr'><strong>regionem</strong></span> <span class='ocrx_word' id='word_1_67' title='bbox 590 1178 676 1260; x_wconf 88' lang='lat' dir='ltr'><strong>eius;</strong></span> <span class='ocrx_word' id='word_1_68' title='bbox 693 1177 764 1245; x_wconf 89' lang='lat' dir='ltr'><strong>illis</strong></span> <span class='ocrx_word' id='word_1_69' title='bbox 778 1178 918 1245; x_wconf 89' lang='lat' dir='ltr'><strong>obviam</strong></span> <span class='ocrx_word' id='word_1_70' title='bbox 934 1178 999 1245; x_wconf 89' lang='lat' dir='ltr'><strong>ivit</strong></span> <span class='ocrx_word' id='word_1_71' title='bbox 1015 1182 1057 1259; x_wconf 83' lang='grc' dir='ltr'><strong>εἰς</strong></span> <span class='ocrx_word' id='word_1_72' title='bbox 1070 1187 1122 1261; x_wconf 82' lang='grc' dir='ltr'><strong>τὴν</strong></span> <span class='ocrx_word' id='word_1_73' title='bbox 1144 1178 1299 1262; x_wconf 77' lang='grc' dir='ltr'><strong>Ἀμαθῖτιν</strong></span> <span class='ocrx_word' id='word_1_74' title='bbox 1315 1180 1427 1266; x_wconf 74' lang='grc' dir='ltr'><strong>χώραν.</strong></span> <span class='ocrx_word' id='word_1_75' title='bbox 1451 1184 1596 1268; x_wconf 90' lang='lat' dir='ltr'><strong>lnsuper</strong></span> 
     </span>
     <span class='ocr_line' id='line_1_9' title="bbox 259 1283 1594 1377; baseline -0.001 -24"><span class='ocrx_word' id='word_1_76' title='bbox 259 1284 433 1377; x_wconf 89' lang='lat' dir='ltr'><strong>quomodo</strong></span> <span class='ocrx_word' id='word_1_77' title='bbox 448 1284 524 1351; x_wconf 87' lang='lat' dir='ltr'><strong>lieri</strong></span> <span class='ocrx_word' id='word_1_78' title='bbox 539 1288 650 1373; x_wconf 90' lang='lat' dir='ltr'><strong>posset</strong></span> <span class='ocrx_word' id='word_1_79' title='bbox 665 1290 703 1350; x_wconf 92' lang='lat' dir='ltr'><strong>ut</strong></span> <span class='ocrx_word' id='word_1_80' title='bbox 716 1284 882 1351; x_wconf 81' lang='lat' dir='ltr'><strong>exercitus</strong></span> <span class='ocrx_word' id='word_1_81' title='bbox 900 1307 999 1371; x_wconf 82' lang='lat' dir='ltr'><strong>syrus</strong></span> <span class='ocrx_word' id='word_1_82' title='bbox 1014 1285 1109 1351; x_wconf 86' lang='lat' dir='ltr'><strong>susus</strong></span> <span class='ocrx_word' id='word_1_83' title='bbox 1122 1284 1330 1372; x_wconf 82' lang='lat' dir='ltr'><strong>fugatusque</strong></span> <span class='ocrx_word' id='word_1_84' title='bbox 1345 1283 1389 1351; x_wconf 90' lang='lat' dir='ltr'><strong>ad</strong></span> <span class='ocrx_word' id='word_1_85' title='bbox 1401 1284 1517 1352; x_wconf 91' lang='lat' dir='ltr'><strong>lacum</strong></span> <span class='ocrx_word' id='word_1_86' title='bbox 1532 1290 1594 1353; x_wconf 89' lang='lat' dir='ltr'><strong>Ge-</strong></span> 
     </span>
     <span class='ocr_line' id='line_1_10' title="bbox 259 1389 1594 1480; baseline 0 -21"><span class='ocrx_word' id='word_1_87' title='bbox 259 1414 370 1473; x_wconf 87' lang='lat' dir='ltr'><strong>nesar,</strong></span> <span class='ocrx_word' id='word_1_88' title='bbox 389 1412 490 1480; x_wconf 91' lang='lat' dir='ltr'><strong>quem</strong></span> <span class='ocrx_word' id='word_1_89' title='bbox 508 1389 624 1457; x_wconf 87' lang='lat' dir='ltr'><strong>ludaei</strong></span> <span class='ocrx_word' id='word_1_90' title='bbox 646 1391 790 1457; x_wconf 90' lang='lat' dir='ltr'><strong>victores</strong></span> <span class='ocrx_word' id='word_1_91' title='bbox 803 1396 1072 1480; x_wconf 87' lang='lat' dir='ltr'><strong>persequuntur,</strong></span> <span class='ocrx_word' id='word_1_92' title='bbox 1087 1392 1206 1476; x_wconf 84' lang='lat' dir='ltr'><strong>fugam</strong></span> <span class='ocrx_word' id='word_1_93' title='bbox 1232 1396 1395 1480; x_wconf 85' lang='lat' dir='ltr'><strong>caperent</strong></span> <span class='ocrx_word' id='word_1_94' title='bbox 1409 1392 1594 1459; x_wconf 87' lang='lat' dir='ltr'><strong>Ierusalem</strong></span> 
     </span>
     <span class='ocr_line' id='line_1_11' title="bbox 260 1495 1595 1588; baseline 0.001 -24"><span class='ocrx_word' id='word_1_95' title='bbox 260 1500 396 1565; x_wconf 85' lang='lat' dir='ltr'><strong>versus‘l</strong></span> <span class='ocrx_word' id='word_1_96' title='bbox 415 1497 453 1563; x_wconf 93' lang='lat' dir='ltr'><strong>id</strong></span> <span class='ocrx_word' id='word_1_97' title='bbox 472 1496 566 1587; x_wconf 93' lang='lat' dir='ltr'><strong>quod</strong></span> <span class='ocrx_word' id='word_1_98' title='bbox 585 1502 700 1564; x_wconf 88' lang='lat' dir='ltr'><strong>tamen</strong></span> <span class='ocrx_word' id='word_1_99' title='bbox 725 1496 944 1565; x_wconf 83' lang='lat' dir='ltr'><strong>Welllzausen</strong></span> <span class='ocrx_word' id='word_1_100' title='bbox 962 1518 1159 1588; x_wconf 89' lang='lat' dir='ltr'><strong>supponere</strong></span> <span class='ocrx_word' id='word_1_101' title='bbox 1181 1495 1295 1579; x_wconf 88' lang='lat' dir='ltr'><strong>debet,</strong></span> <span class='ocrx_word' id='word_1_102' title='bbox 1311 1496 1376 1564; x_wconf 89' lang='lat' dir='ltr'><strong>nisi</strong></span> <span class='ocrx_word' id='word_1_103' title='bbox 1396 1497 1440 1563; x_wconf 91' lang='lat' dir='ltr'><strong>ad</strong></span> <span class='ocrx_word' id='word_1_104' title='bbox 1459 1499 1595 1565; x_wconf 88' lang='lat' dir='ltr'><strong>fabulas</strong></span> 
     </span>
     <span class='ocr_line' id='line_1_12' title="bbox 260 1602 1235 1692; baseline 0 -22"><span class='ocrx_word' id='word_1_105' title='bbox 260 1603 402 1671; x_wconf 90' lang='lat' dir='ltr'><strong>reiicere</strong></span> <span class='ocrx_word' id='word_1_106' title='bbox 417 1602 566 1670; x_wconf 86' lang='lat' dir='ltr'><strong>voluerit</strong></span> <span class='ocrx_word' id='word_1_107' title='bbox 577 1625 666 1692; x_wconf 90' lang='lat' dir='ltr'><strong>quae</strong></span> <span class='ocrx_word' id='word_1_108' title='bbox 684 1608 783 1685; x_wconf 75' lang='lat' dir='ltr'><strong>11,&#39;lt</strong></span> <span class='ocrx_word' id='word_1_109' title='bbox 800 1606 834 1669; x_wconf 88' lang='lat' dir='ltr'><strong>et</strong></span> <span class='ocrx_word' id='word_1_110' title='bbox 848 1609 961 1686; x_wconf 61' lang='grc'>1230.</span> <span class='ocrx_word' id='word_1_111' title='bbox 979 1610 1020 1671; x_wconf 74' lang='lat'><strong>25</strong></span> <span class='ocrx_word' id='word_1_112' title='bbox 1036 1610 1235 1671; x_wconf 89' lang='lat' dir='ltr'><strong>narrantur.</strong></span> 
     </span>
    </p>

    <p class='ocr_par' dir='ltr' id='par_1_5' title="bbox 260 1709 1595 2226">
     <span class='ocr_line' id='line_1_13' title="bbox 305 1709 1591 1800; baseline 0 -23"><span class='ocrx_word' id='word_1_113' title='bbox 305 1710 507 1777; x_wconf 84' lang='lat' dir='ltr'><strong>Narratione</strong></span> <span class='ocrx_word' id='word_1_114' title='bbox 520 1709 562 1775; x_wconf 89' lang='lat' dir='ltr'><strong>de</strong></span> <span class='ocrx_word' id='word_1_115' title='bbox 574 1711 834 1800; x_wconf 82' lang='lat' dir='ltr'><strong>oppugnatione</strong></span> <span class='ocrx_word' id='word_1_116' title='bbox 851 1716 958 1777; x_wconf 78' lang='lat' dir='ltr'><strong>[torae</strong></span> <span class='ocrx_word' id='word_1_117' title='bbox 973 1711 1061 1777; x_wconf 87' lang='lat' dir='ltr'><strong>arcis</strong></span> <span class='ocrx_word' id='word_1_118' title='bbox 1074 1711 1214 1798; x_wconf 89' lang='lat' dir='ltr'><strong>incepta</strong></span> <span class='ocrx_word' id='word_1_119' title='bbox 1232 1715 1345 1789; x_wconf 87' lang='lat'><strong>15‚13.</strong></span> <span class='ocrx_word' id='word_1_120' title='bbox 1365 1711 1591 1794; x_wconf 84' lang='lat' dir='ltr'><strong>1t,reiertur,</strong></span> 
     </span>
     <span class='ocr_line' id='line_1_14' title="bbox 261 1815 1595 1905; baseline -0.001 -21"><span class='ocrx_word' id='word_1_121' title='bbox 261 1816 379 1905; x_wconf 89' lang='lat' dir='ltr'><strong>quales</strong></span> <span class='ocrx_word' id='word_1_122' title='bbox 399 1815 562 1905; x_wconf 88' lang='lat' dir='ltr'><strong>epistolas</strong></span> <span class='ocrx_word' id='word_1_123' title='bbox 582 1815 690 1902; x_wconf 86' lang='lat' dir='ltr'><strong>legati</strong></span> <span class='ocrx_word' id='word_1_124' title='bbox 716 1815 863 1882; x_wconf 90' lang='lat' dir='ltr'><strong>Simonis</strong></span> <span class='ocrx_word' id='word_1_125' title='bbox 887 1838 908 1883; x_wconf 92' lang='lat' dir='ltr'><strong>a</strong></span> <span class='ocrx_word' id='word_1_126' title='bbox 936 1821 1042 1884; x_wconf 87' lang='lat' dir='ltr'><strong>Roma</strong></span> <span class='ocrx_word' id='word_1_127' title='bbox 1064 1815 1248 1883; x_wconf 88' lang='lat' dir='ltr'><strong>retulerint</strong></span> <span class='ocrx_word' id='word_1_128' title='bbox 1269 1839 1301 1883; x_wconf 92' lang='lat' dir='ltr'><strong>v.</strong></span> <span class='ocrx_word' id='word_1_129' title='bbox 1326 1822 1428 1884; x_wconf 76' lang='lat' dir='ltr'><strong>15-at</strong></span> <span class='ocrx_word' id='word_1_130' title='bbox 1456 1823 1489 1882; x_wconf 91' lang='lat' dir='ltr'><strong>et</strong></span> <span class='ocrx_word' id='word_1_131' title='bbox 1515 1818 1595 1884; x_wconf 92' lang='lat' dir='ltr'><strong>dein</strong></span> 
     </span>
     <span class='ocr_line' id='line_1_15' title="bbox 260 1922 1595 2013; baseline 0.001 -24"><span class='ocrx_word' id='word_1_132' title='bbox 260 1946 294 1990; x_wconf 88' lang='lat' dir='ltr'><strong>v.</strong></span> <span class='ocrx_word' id='word_1_133' title='bbox 312 1930 353 1991; x_wconf 71' lang='lat'><strong>25</strong></span> <span class='ocrx_word' id='word_1_134' title='bbox 369 1924 527 2012; x_wconf 85' lang='lat' dir='ltr'><strong>pergitur</strong></span> <span class='ocrx_word' id='word_1_135' title='bbox 538 1922 575 1988; x_wconf 92' lang='lat' dir='ltr'><strong>in</strong></span> <span class='ocrx_word' id='word_1_136' title='bbox 593 1922 795 1989; x_wconf 89' lang='lat' dir='ltr'><strong>narratione</strong></span> <span class='ocrx_word' id='word_1_137' title='bbox 811 1923 1093 2011; x_wconf 87' lang='lat' dir='ltr'><strong>oppugnationis.</strong></span> <span class='ocrx_word' id='word_1_138' title='bbox 1109 1924 1185 2012; x_wconf 90' lang='lat' dir='ltr'><strong>lpsa</strong></span> <span class='ocrx_word' id='word_1_139' title='bbox 1198 1922 1285 1989; x_wconf 87' lang='lat' dir='ltr'><strong>serie</strong></span> <span class='ocrx_word' id='word_1_140' title='bbox 1301 1923 1497 1990; x_wconf 88' lang='lat' dir='ltr'><strong>ostenditur</strong></span> <span class='ocrx_word' id='word_1_141' title='bbox 1511 1946 1595 2013; x_wconf 92' lang='lat' dir='ltr'><strong>quo-</strong></span> 
     </span>
     <span class='ocr_line' id='line_1_16' title="bbox 263 2028 1595 2118; baseline 0.002 -23"><span class='ocrx_word' id='word_1_142' title='bbox 263 2030 366 2096; x_wconf 93' lang='lat' dir='ltr'><strong>modo</strong></span> <span class='ocrx_word' id='word_1_143' title='bbox 381 2050 502 2118; x_wconf 90' lang='lat' dir='ltr'><strong>pugna</strong></span> <span class='ocrx_word' id='word_1_144' title='bbox 514 2028 677 2095; x_wconf 77' lang='lat' dir='ltr'><strong>Antiochi</strong></span> <span class='ocrx_word' id='word_1_145' title='bbox 696 2032 750 2095; x_wconf 90' lang='lat' dir='ltr'><strong>Vll</strong></span> <span class='ocrx_word' id='word_1_146' title='bbox 767 2036 887 2095; x_wconf 88' lang='lat' dir='ltr'><strong>contra</strong></span> <span class='ocrx_word' id='word_1_147' title='bbox 906 2030 1124 2118; x_wconf 83' lang='lat' dir='ltr'><strong>Tryphonem</strong></span> <span class='ocrx_word' id='word_1_148' title='bbox 1137 2033 1171 2095; x_wconf 90' lang='lat' dir='ltr'><strong>et</strong></span> <span class='ocrx_word' id='word_1_149' title='bbox 1189 2030 1263 2095; x_wconf 91' lang='lat' dir='ltr'><strong>eius</strong></span> <span class='ocrx_word' id='word_1_150' title='bbox 1276 2052 1296 2096; x_wconf 91' lang='lat' dir='ltr'><strong>a</strong></span> <span class='ocrx_word' id='word_1_151' title='bbox 1309 2030 1447 2096; x_wconf 88' lang='lat' dir='ltr'><strong>Simone</strong></span> <span class='ocrx_word' id='word_1_152' title='bbox 1463 2028 1595 2097; x_wconf 87' lang='lat' dir='ltr'><strong>abalie-</strong></span> 
     </span>
     <span class='ocr_line' id='line_1_17' title="bbox 261 2134 1214 2226; baseline -0.002 -24"><span class='ocrx_word' id='word_1_153' title='bbox 261 2135 355 2203; x_wconf 90' lang='lat' dir='ltr'><strong>natio</strong></span> <span class='ocrx_word' id='word_1_154' title='bbox 369 2134 407 2201; x_wconf 92' lang='lat' dir='ltr'><strong>in</strong></span> <span class='ocrx_word' id='word_1_155' title='bbox 426 2135 518 2202; x_wconf 89' lang='lat' dir='ltr'><strong>idem</strong></span> <span class='ocrx_word' id='word_1_156' title='bbox 532 2134 691 2201; x_wconf 87' lang='lat' dir='ltr'><strong>inciderit</strong></span> <span class='ocrx_word' id='word_1_157' title='bbox 710 2140 846 2226; x_wconf 89' lang='lat' dir='ltr'><strong>tompus</strong></span> <span class='ocrx_word' id='word_1_158' title='bbox 863 2134 919 2225; x_wconf 82' lang='lat' dir='ltr'><strong>(ct.</strong></span> <span class='ocrx_word' id='word_1_159' title='bbox 940 2142 1053 2212; x_wconf 56' lang='lat'><strong>1527.</strong></span> <span class='ocrx_word' id='word_1_160' title='bbox 1071 2142 1125 2201; x_wconf 79' lang='lat'><strong>37.</strong></span> <span class='ocrx_word' id='word_1_161' title='bbox 1146 2135 1214 2224; x_wconf 85' lang='lat'>39).</span> 
     </span>
    </p>

    <p class='ocr_par' dir='ltr' id='par_1_6' title="bbox 260 2234 1595 3289">
     <span class='ocr_line' id='line_1_18' title="bbox 305 2234 1594 2332; baseline 0.001 -23"><span class='ocrx_word' id='word_1_162' title='bbox 305 2234 541 2309; x_wconf 84' lang='lat' dir='ltr'><strong>Narrationem</strong></span> <span class='ocrx_word' id='word_1_163' title='bbox 556 2263 626 2307; x_wconf 90' lang='lat' dir='ltr'><strong>esse</strong></span> <span class='ocrx_word' id='word_1_164' title='bbox 647 2241 714 2307; x_wconf 88' lang='lat' dir='ltr'><strong>fide</strong></span> <span class='ocrx_word' id='word_1_165' title='bbox 730 2240 873 2328; x_wconf 88' lang='lat' dir='ltr'><strong>dignam</strong></span> <span class='ocrx_word' id='word_1_166' title='bbox 889 2264 995 2332; x_wconf 90' lang='lat' dir='ltr'><strong>supra</strong></span> <span class='ocrx_word' id='word_1_167' title='bbox 1006 2241 1076 2308; x_wconf 90' lang='lat' dir='ltr'><strong>iam</strong></span> <span class='ocrx_word' id='word_1_168' title='bbox 1091 2241 1284 2309; x_wconf 87' lang='lat' dir='ltr'><strong>indicatum</strong></span> <span class='ocrx_word' id='word_1_169' title='bbox 1300 2247 1361 2309; x_wconf 87' lang='lat' dir='ltr'><strong>est.</strong></span> <span class='ocrx_word' id='word_1_170' title='bbox 1378 2247 1491 2331; x_wconf 89' lang='lat' dir='ltr'><strong>Atque</strong></span> <span class='ocrx_word' id='word_1_171' title='bbox 1507 2265 1594 2332; x_wconf 89' lang='lat' dir='ltr'><strong>quae</strong></span> 
     </span>
     <span class='ocr_line' id='line_1_19' title="bbox 261 2347 1595 2438; baseline 0.001 -23"><span class='ocrx_word' id='word_1_172' title='bbox 261 2347 354 2438; x_wconf 86' lang='lat' dir='ltr'><strong>apud</strong></span> <span class='ocrx_word' id='word_1_173' title='bbox 369 2353 500 2414; x_wconf 90' lang='lat' dir='ltr'><strong>veteres</strong></span> <span class='ocrx_word' id='word_1_174' title='bbox 519 2348 715 2437; x_wconf 79' lang='lat' dir='ltr'><strong>scriptoreS,</strong></span> <span class='ocrx_word' id='word_1_175' title='bbox 733 2348 928 2435; x_wconf 77' lang='lat' dir='ltr'><strong>Polybium,</strong></span> <span class='ocrx_word' id='word_1_176' title='bbox 942 2348 1151 2438; x_wconf 80' lang='lat' dir='ltr'><strong>Appianum,</strong></span> <span class='ocrx_word' id='word_1_177' title='bbox 1169 2348 1351 2415; x_wconf 84' lang='lat' dir='ltr'><strong>Diodorum</strong></span> <span class='ocrx_word' id='word_1_178' title='bbox 1368 2348 1527 2432; x_wconf 88' lang='lat' dir='ltr'><strong>siculum,</strong></span> <span class='ocrx_word' id='word_1_179' title='bbox 1542 2352 1595 2417; x_wconf 90' lang='lat' dir='ltr'><strong>Li-</strong></span> 
     </span>
     <span class='ocr_line' id='line_1_20' title="bbox 261 2452 1594 2542; baseline 0.002 -23"><span class='ocrx_word' id='word_1_180' title='bbox 261 2454 367 2535; x_wconf 90' lang='lat' dir='ltr'><strong>vium,</strong></span> <span class='ocrx_word' id='word_1_181' title='bbox 381 2453 549 2521; x_wconf 89' lang='lat' dir='ltr'><strong>lustinum</strong></span> <span class='ocrx_word' id='word_1_182' title='bbox 567 2454 610 2520; x_wconf 92' lang='lat' dir='ltr'><strong>de</strong></span> <span class='ocrx_word' id='word_1_183' title='bbox 628 2454 720 2520; x_wconf 88' lang='lat' dir='ltr'><strong>hisce</strong></span> <span class='ocrx_word' id='word_1_184' title='bbox 739 2452 881 2541; x_wconf 89' lang='lat' dir='ltr'><strong>regibus</strong></span> <span class='ocrx_word' id='word_1_185' title='bbox 899 2477 939 2521; x_wconf 90' lang='lat' dir='ltr'><strong>ao</strong></span> <span class='ocrx_word' id='word_1_186' title='bbox 959 2454 1171 2542; x_wconf 90' lang='lat' dir='ltr'><strong>temporibus</strong></span> <span class='ocrx_word' id='word_1_187' title='bbox 1190 2460 1387 2535; x_wconf 87' lang='lat' dir='ltr'><strong>narrantur,</strong></span> <span class='ocrx_word' id='word_1_188' title='bbox 1404 2457 1594 2523; x_wconf 88' lang='lat' dir='ltr'><strong>narrationi</strong></span> 
     </span>
     <span class='ocr_line' id='line_1_21' title="bbox 260 2560 1592 2650; baseline 0.002 -23"><span class='ocrx_word' id='word_1_189' title='bbox 260 2561 368 2627; x_wconf 90' lang='lat' dir='ltr'><strong>nostri</strong></span> <span class='ocrx_word' id='word_1_190' title='bbox 382 2560 462 2627; x_wconf 89' lang='lat' dir='ltr'><strong>libri</strong></span> <span class='ocrx_word' id='word_1_191' title='bbox 474 2565 671 2647; x_wconf 89' lang='lat' dir='ltr'><strong>congruunt</strong></span> <span class='ocrx_word' id='word_1_192' title='bbox 684 2566 718 2627; x_wconf 90' lang='lat' dir='ltr'><strong>et</strong></span> <span class='ocrx_word' id='word_1_193' title='bbox 727 2560 957 2643; x_wconf 90' lang='lat' dir='ltr'><strong>illustrantur,</strong></span> <span class='ocrx_word' id='word_1_194' title='bbox 969 2562 1176 2650; x_wconf 88' lang='lat' dir='ltr'><strong>supplentur</strong></span> <span class='ocrx_word' id='word_1_195' title='bbox 1191 2583 1329 2650; x_wconf 90' lang='lat' dir='ltr'><strong>quoque</strong></span> <span class='ocrx_word' id='word_1_196' title='bbox 1343 2567 1461 2628; x_wconf 92' lang='lat' dir='ltr'><strong>nostra</strong></span> <span class='ocrx_word' id='word_1_197' title='bbox 1473 2584 1592 2629; x_wconf 87' lang='lat' dir='ltr'><strong>narra-</strong></span> 
     </span>
     <span class='ocr_line' id='line_1_22' title="bbox 261 2666 1593 2756; baseline 0.001 -23"><span class='ocrx_word' id='word_1_198' title='bbox 261 2666 353 2735; x_wconf 89' lang='lat' dir='ltr'><strong>tione</strong></span> <span class='ocrx_word' id='word_1_199' title='bbox 367 2666 425 2756; x_wconf 85' lang='lat' dir='ltr'><strong>(cf.</strong></span> <span class='ocrx_word' id='word_1_200' title='bbox 443 2666 662 2755; x_wconf 78' lang='lat' dir='ltr'><strong>comment).</strong></span> <span class='ocrx_word' id='word_1_201' title='bbox 673 2666 896 2734; x_wconf 81' lang='lat' dir='ltr'><strong>sermonibus</strong></span> <span class='ocrx_word' id='word_1_202' title='bbox 917 2666 1060 2733; x_wconf 90' lang='lat' dir='ltr'><strong>alternis</strong></span> <span class='ocrx_word' id='word_1_203' title='bbox 1080 2671 1115 2733; x_wconf 89' lang='lat' dir='ltr'><strong>et</strong></span> <span class='ocrx_word' id='word_1_204' title='bbox 1133 2666 1322 2755; x_wconf 91' lang='lat' dir='ltr'><strong>soliloquiis</strong></span> <span class='ocrx_word' id='word_1_205' title='bbox 1335 2688 1377 2733; x_wconf 90' lang='lat' dir='ltr'><strong>ea</strong></span> <span class='ocrx_word' id='word_1_206' title='bbox 1390 2668 1484 2734; x_wconf 89' lang='lat' dir='ltr'><strong>inest</strong></span> <span class='ocrx_word' id='word_1_207' title='bbox 1503 2668 1593 2735; x_wconf 87' lang='lat' dir='ltr'><strong>veri-</strong></span> 
     </span>
     <span class='ocr_line' id='line_1_23' title="bbox 261 2771 1593 2859; baseline 0.001 -20"><span class='ocrx_word' id='word_1_208' title='bbox 261 2780 324 2855; x_wconf 89' lang='lat' dir='ltr'><strong>tas,</strong></span> <span class='ocrx_word' id='word_1_209' title='bbox 343 2778 380 2840; x_wconf 94' lang='lat' dir='ltr'><strong>ut</strong></span> <span class='ocrx_word' id='word_1_210' title='bbox 396 2772 438 2840; x_wconf 91' lang='lat' dir='ltr'><strong>iis</strong></span> <span class='ocrx_word' id='word_1_211' title='bbox 462 2773 526 2840; x_wconf 89' lang='lat' dir='ltr'><strong>rito</strong></span> <span class='ocrx_word' id='word_1_212' title='bbox 541 2771 769 2839; x_wconf 86' lang='lat' dir='ltr'><strong>exhibeantur</strong></span> <span class='ocrx_word' id='word_1_213' title='bbox 790 2771 936 2839; x_wconf 89' lang='lat' dir='ltr'><strong>consilia</strong></span> <span class='ocrx_word' id='word_1_214' title='bbox 956 2778 991 2839; x_wconf 89' lang='lat' dir='ltr'><strong>et</strong></span> <span class='ocrx_word' id='word_1_215' title='bbox 1013 2772 1154 2839; x_wconf 84' lang='lat' dir='ltr'><strong>affectus</strong></span> <span class='ocrx_word' id='word_1_216' title='bbox 1175 2772 1406 2859; x_wconf 88' lang='lat' dir='ltr'><strong>singulorum.</strong></span> <span class='ocrx_word' id='word_1_217' title='bbox 1419 2775 1593 2841; x_wconf 88' lang='lat' dir='ltr'><strong>Immerito</strong></span> 
     </span>
     <span class='ocr_line' id='line_1_24' title="bbox 262 2878 1593 2968; baseline 0 -21"><span class='ocrx_word' id='word_1_218' title='bbox 262 2880 465 2947; x_wconf 88' lang='lat' dir='ltr'><strong>afferrentur</strong></span> <span class='ocrx_word' id='word_1_219' title='bbox 488 2884 607 2947; x_wconf 88' lang='lat' dir='ltr'><strong>contra</strong></span> <span class='ocrx_word' id='word_1_220' title='bbox 626 2878 708 2945; x_wconf 92' lang='lat' dir='ltr'><strong>libri</strong></span> <span class='ocrx_word' id='word_1_221' title='bbox 730 2878 910 2947; x_wconf 87' lang='lat' dir='ltr'><strong>veritatem</strong></span> <span class='ocrx_word' id='word_1_222' title='bbox 940 2901 1029 2968; x_wconf 89' lang='lat' dir='ltr'><strong>quae</strong></span> <span class='ocrx_word' id='word_1_223' title='bbox 1053 2879 1217 2945; x_wconf 92' lang='lat' dir='ltr'><strong>dicuntur</strong></span> <span class='ocrx_word' id='word_1_224' title='bbox 1245 2884 1301 2961; x_wconf 79' lang='lat'><strong>1,7</strong></span> <span class='ocrx_word' id='word_1_225' title='bbox 1327 2880 1370 2947; x_wconf 90' lang='lat' dir='ltr'><strong>dc</strong></span> <span class='ocrx_word' id='word_1_226' title='bbox 1389 2885 1593 2947; x_wconf 88' lang='lat' dir='ltr'><strong>testamento</strong></span> 
     </span>
     <span class='ocr_line' id='line_1_25' title="bbox 262 2984 1594 3075; baseline 0.001 -23"><span class='ocrx_word' id='word_1_227' title='bbox 262 2985 455 3068; x_wconf 76' lang='lat' dir='ltr'><strong>Alexandri,</strong></span> <span class='ocrx_word' id='word_1_228' title='bbox 478 2993 533 3067; x_wconf 89' lang='lat'><strong>8,1</strong></span> <span class='ocrx_word' id='word_1_229' title='bbox 550 3007 621 3075; x_wconf 92' lang='lat' dir='ltr'><strong>seq.</strong></span> <span class='ocrx_word' id='word_1_230' title='bbox 638 2984 680 3051; x_wconf 92' lang='lat' dir='ltr'><strong>de</strong></span> <span class='ocrx_word' id='word_1_231' title='bbox 706 2985 879 3067; x_wconf 85' lang='lat' dir='ltr'><strong>Romanis,</strong></span> <span class='ocrx_word' id='word_1_232' title='bbox 900 2992 978 3068; x_wconf 57' lang='lat'><strong>127</strong></span> <span class='ocrx_word' id='word_1_233' title='bbox 994 2985 1036 3053; x_wconf 91' lang='lat' dir='ltr'><strong>de</strong></span> <span class='ocrx_word' id='word_1_234' title='bbox 1060 2984 1264 3073; x_wconf 84' lang='lat' dir='ltr'><strong>cognatione</strong></span> <span class='ocrx_word' id='word_1_235' title='bbox 1288 2986 1431 3054; x_wconf 90' lang='lat' dir='ltr'><strong>ludaeos</strong></span> <span class='ocrx_word' id='word_1_236' title='bbox 1453 2987 1545 3054; x_wconf 89' lang='lat' dir='ltr'><strong>inter</strong></span> <span class='ocrx_word' id='word_1_237' title='bbox 1562 2994 1594 3055; x_wconf 87' lang='lat' dir='ltr'><strong>et</strong></span> 
     </span>
     <span class='ocr_line' id='line_1_26' title="bbox 261 3090 1594 3206; baseline 0.002 -47"><span class='ocrx_word' id='word_1_238' title='bbox 261 3093 458 3206; x_wconf 78' lang='lat' dir='ltr'><strong>Spartiates</strong></span> <span class='ocrx_word' id='word_1_239' title='bbox 479 3096 560 3158; x_wconf 89' lang='lat' dir='ltr'><strong>Nam</strong></span> <span class='ocrx_word' id='word_1_240' title='bbox 581 3114 683 3159; x_wconf 92' lang='lat' dir='ltr'><strong>nemo</strong></span> <span class='ocrx_word' id='word_1_241' title='bbox 702 3098 815 3182; x_wconf 88' lang='lat' dir='ltr'><strong>potest</strong></span> <span class='ocrx_word' id='word_1_242' title='bbox 835 3092 969 3160; x_wconf 90' lang='lat' dir='ltr'><strong>auctori</strong></span> <span class='ocrx_word' id='word_1_243' title='bbox 988 3090 1071 3159; x_wconf 90' lang='lat' dir='ltr'><strong>vitio</strong></span> <span class='ocrx_word' id='word_1_244' title='bbox 1086 3100 1221 3160; x_wconf 87' lang='lat' dir='ltr'><strong>vertere</strong></span> <span class='ocrx_word' id='word_1_245' title='bbox 1239 3093 1296 3160; x_wconf 88' lang='lat' dir='ltr'><strong>vel</strong></span> <span class='ocrx_word' id='word_1_246' title='bbox 1310 3115 1387 3159; x_wconf 90' lang='lat' dir='ltr'><strong>eum</strong></span> <span class='ocrx_word' id='word_1_247' title='bbox 1405 3094 1594 3183; x_wconf 90' lang='lat' dir='ltr'><strong>reprehen-</strong></span> 
     </span>
     <span class='ocr_line' id='line_1_27' title="bbox 261 3198 1134 3289; baseline -0.002 -22"><span class='ocrx_word' id='word_1_248' title='bbox 261 3199 354 3283; x_wconf 87' lang='lat' dir='ltr'><strong>dere,</strong></span> <span class='ocrx_word' id='word_1_249' title='bbox 367 3198 395 3265; x_wconf 90' lang='lat' dir='ltr'><strong>si</strong></span> <span class='ocrx_word' id='word_1_250' title='bbox 410 3200 590 3289; x_wconf 89' lang='lat' dir='ltr'><strong>opiniones</strong></span> <span class='ocrx_word' id='word_1_251' title='bbox 603 3199 826 3288; x_wconf 88' lang='lat' dir='ltr'><strong>popularium</strong></span> <span class='ocrx_word' id='word_1_252' title='bbox 841 3198 992 3265; x_wconf 87' lang='lat' dir='ltr'><strong>fideliter</strong></span> <span class='ocrx_word' id='word_1_253' title='bbox 1005 3207 1134 3265; x_wconf 89' lang='lat' dir='ltr'><strong>narrat.</strong></span> 
     </span>
    </p>

    <p class='ocr_par' dir='ltr' id='par_1_7' title="bbox 261 3304 1595 4139">
     <span class='ocr_line' id='line_1_28' title="bbox 304 3304 1594 3395; baseline 0 -23"><span class='ocrx_word' id='word_1_254' title='bbox 304 3304 339 3372; x_wconf 90' lang='lat' dir='ltr'><strong>Si</strong></span> <span class='ocrx_word' id='word_1_255' title='bbox 352 3305 469 3395; x_wconf 89' lang='lat' dir='ltr'><strong>itaque</strong></span> <span class='ocrx_word' id='word_1_256' title='bbox 485 3310 559 3371; x_wconf 90' lang='lat' dir='ltr'><strong>orat</strong></span> <span class='ocrx_word' id='word_1_257' title='bbox 573 3305 690 3394; x_wconf 91' lang='lat' dir='ltr'><strong>opinio</strong></span> <span class='ocrx_word' id='word_1_258' title='bbox 703 3306 910 3394; x_wconf 86' lang='lat' dir='ltr'><strong>pervulgata</strong></span> <span class='ocrx_word' id='word_1_259' title='bbox 920 3304 1153 3372; x_wconf 85' lang='lat' dir='ltr'><strong>Alexandrum</strong></span> <span class='ocrx_word' id='word_1_260' title='bbox 1169 3325 1315 3391; x_wconf 86' lang='lat' dir='ltr'><strong>regnum</strong></span> <span class='ocrx_word' id='word_1_261' title='bbox 1333 3305 1487 3372; x_wconf 78' lang='lat' dir='ltr'><strong>divisisse</strong></span> <span class='ocrx_word' id='word_1_262' title='bbox 1504 3306 1594 3373; x_wconf 90' lang='lat' dir='ltr'><strong>inter</strong></span> 
     </span>
     <span class='ocr_line' id='line_1_29' title="bbox 262 3410 1595 3501; baseline -0.001 -23"><span class='ocrx_word' id='word_1_263' title='bbox 262 3411 377 3494; x_wconf 88' lang='lat' dir='ltr'><strong>duces,</strong></span> <span class='ocrx_word' id='word_1_264' title='bbox 396 3433 492 3478; x_wconf 90' lang='lat' dir='ltr'><strong>sacer</strong></span> <span class='ocrx_word' id='word_1_265' title='bbox 511 3415 631 3477; x_wconf 89' lang='lat' dir='ltr'><strong>auctor</strong></span> <span class='ocrx_word' id='word_1_266' title='bbox 649 3432 724 3477; x_wconf 90' lang='lat' dir='ltr'><strong>eam</strong></span> <span class='ocrx_word' id='word_1_267' title='bbox 746 3410 875 3477; x_wconf 85' lang='lat' dir='ltr'><strong>referre</strong></span> <span class='ocrx_word' id='word_1_268' title='bbox 894 3414 1030 3501; x_wconf 91' lang='lat' dir='ltr'><strong>poterat</strong></span> <span class='ocrx_word' id='word_1_269' title='bbox 1044 3411 1119 3477; x_wconf 88' lang='lat' dir='ltr'><strong>sino</strong></span> <span class='ocrx_word' id='word_1_270' title='bbox 1138 3410 1244 3477; x_wconf 90' lang='lat' dir='ltr'><strong>ullius</strong></span> <span class='ocrx_word' id='word_1_271' title='bbox 1266 3410 1392 3478; x_wconf 90' lang='lat' dir='ltr'><strong>erroris</strong></span> <span class='ocrx_word' id='word_1_272' title='bbox 1416 3411 1519 3501; x_wconf 89' lang='lat' dir='ltr'><strong>culpa</strong></span> <span class='ocrx_word' id='word_1_273' title='bbox 1541 3412 1595 3478; x_wconf 87' lang='lat' dir='ltr'><strong>vel</strong></span> 
     </span>
     <span class='ocr_line' id='line_1_30' title="bbox 261 3516 1595 3608; baseline 0 -23"><span class='ocrx_word' id='word_1_274' title='bbox 261 3516 471 3608; x_wconf 88' lang='lat' dir='ltr'><strong>suspicione;</strong></span> <span class='ocrx_word' id='word_1_275' title='bbox 492 3539 581 3607; x_wconf 88' lang='lat' dir='ltr'><strong>quae</strong></span> <span class='ocrx_word' id='word_1_276' title='bbox 605 3522 660 3597; x_wconf 89' lang='lat'><strong>8,1</strong></span> <span class='ocrx_word' id='word_1_277' title='bbox 683 3538 755 3605; x_wconf 89' lang='lat' dir='ltr'><strong>seq.</strong></span> <span class='ocrx_word' id='word_1_278' title='bbox 779 3517 945 3604; x_wconf 87' lang='lat' dir='ltr'><strong>leguntur</strong></span> <span class='ocrx_word' id='word_1_279' title='bbox 966 3539 1007 3583; x_wconf 88' lang='lat' dir='ltr'><strong>ea</strong></span> <span class='ocrx_word' id='word_1_280' title='bbox 1027 3523 1110 3583; x_wconf 92' lang='lat' dir='ltr'><strong>sunt</strong></span> <span class='ocrx_word' id='word_1_281' title='bbox 1131 3538 1219 3605; x_wconf 87' lang='lat' dir='ltr'><strong>quae</strong></span> <span class='ocrx_word' id='word_1_282' title='bbox 1241 3516 1343 3583; x_wconf 88' lang='lat' dir='ltr'><strong>ludas</strong></span> <span class='ocrx_word' id='word_1_283' title='bbox 1366 3517 1409 3584; x_wconf 92' lang='lat' dir='ltr'><strong>de</strong></span> <span class='ocrx_word' id='word_1_284' title='bbox 1431 3519 1595 3586; x_wconf 85' lang='lat' dir='ltr'><strong>Romanis</strong></span> 
     </span>
     <span class='ocr_line' id='line_1_31' title="bbox 263 3622 1594 3713; baseline -0.001 -23"><span class='ocrx_word' id='word_1_285' title='bbox 263 3624 411 3706; x_wconf 89' lang='lat' dir='ltr'><strong>audivit;</strong></span> <span class='ocrx_word' id='word_1_286' title='bbox 427 3624 538 3713; x_wconf 90' lang='lat' dir='ltr'><strong>plebis</strong></span> <span class='ocrx_word' id='word_1_287' title='bbox 551 3623 668 3712; x_wconf 88' lang='lat' dir='ltr'><strong>itaque</strong></span> <span class='ocrx_word' id='word_1_288' title='bbox 684 3622 865 3713; x_wconf 89' lang='lat' dir='ltr'><strong>opiniones</strong></span> <span class='ocrx_word' id='word_1_289' title='bbox 877 3623 1075 3691; x_wconf 84' lang='lat' dir='ltr'><strong>referuntur</strong></span> <span class='ocrx_word' id='word_1_290' title='bbox 1087 3628 1121 3689; x_wconf 91' lang='lat' dir='ltr'><strong>et</strong></span> <span class='ocrx_word' id='word_1_291' title='bbox 1132 3622 1176 3689; x_wconf 90' lang='lat' dir='ltr'><strong>iis</strong></span> <span class='ocrx_word' id='word_1_292' title='bbox 1189 3644 1251 3690; x_wconf 93' lang='lat' dir='ltr'><strong>nos</strong></span> <span class='ocrx_word' id='word_1_293' title='bbox 1266 3624 1433 3691; x_wconf 91' lang='lat' dir='ltr'><strong>docemur</strong></span> <span class='ocrx_word' id='word_1_294' title='bbox 1448 3626 1594 3713; x_wconf 87' lang='lat' dir='ltr'><strong>qualiter</strong></span> 
     </span>
     <span class='ocr_line' id='line_1_32' title="bbox 264 3720 1594 3820; baseline -0.001 -23"><span class='ocrx_word' id='word_1_295' title='bbox 264 3752 303 3797; x_wconf 90' lang='lat' dir='ltr'><strong>eo</strong></span> <span class='ocrx_word' id='word_1_296' title='bbox 312 3736 466 3820; x_wconf 88' lang='lat' dir='ltr'><strong>tempore</strong></span> <span class='ocrx_word' id='word_1_297' title='bbox 478 3731 520 3797; x_wconf 91' lang='lat' dir='ltr'><strong>de</strong></span> <span class='ocrx_word' id='word_1_298' title='bbox 533 3729 694 3798; x_wconf 85' lang='lat' dir='ltr'><strong>Romanis</strong></span> <span class='ocrx_word' id='word_1_299' title='bbox 708 3728 898 3796; x_wconf 88' lang='lat' dir='ltr'><strong>iudicatum</strong></span> <span class='ocrx_word' id='word_1_300' title='bbox 910 3730 954 3796; x_wconf 89' lang='lat' dir='ltr'><strong>sit</strong></span> <span class='ocrx_word' id='word_1_301' title='bbox 963 3730 1008 3796; x_wconf 91' lang='lat' dir='ltr'><strong>ab</strong></span> <span class='ocrx_word' id='word_1_302' title='bbox 1017 3729 1060 3796; x_wconf 92' lang='lat' dir='ltr'><strong>iis</strong></span> <span class='ocrx_word' id='word_1_303' title='bbox 1070 3720 1130 3818; x_wconf 75' lang='lat' dir='ltr'><strong>qui</strong></span> <span class='ocrx_word' id='word_1_304' title='bbox 1144 3730 1211 3819; x_wconf 91' lang='lat' dir='ltr'><strong>ipsi</strong></span> <span class='ocrx_word' id='word_1_305' title='bbox 1225 3751 1281 3796; x_wconf 90' lang='lat' dir='ltr'><strong>eos</strong></span> <span class='ocrx_word' id='word_1_306' title='bbox 1295 3729 1452 3796; x_wconf 90' lang='lat' dir='ltr'><strong>nondum</strong></span> <span class='ocrx_word' id='word_1_307' title='bbox 1466 3735 1594 3798; x_wconf 89' lang='lat' dir='ltr'><strong>norunt</strong></span> 
     </span>
     <span class='ocr_line' id='line_1_33' title="bbox 266 3836 1594 3927; baseline 0.001 -26"><span class='ocrx_word' id='word_1_308' title='bbox 266 3858 375 3927; x_wconf 88' lang='lat' dir='ltr'><strong>neque</strong></span> <span class='ocrx_word' id='word_1_309' title='bbox 396 3837 527 3926; x_wconf 84' lang='lat' dir='ltr'><strong>experti</strong></span> <span class='ocrx_word' id='word_1_310' title='bbox 549 3841 659 3904; x_wconf 88' lang='lat' dir='ltr'><strong>erant.</strong></span> <span class='ocrx_word' id='word_1_311' title='bbox 679 3838 783 3902; x_wconf 91' lang='lat' dir='ltr'><strong>Nemo</strong></span> <span class='ocrx_word' id='word_1_312' title='bbox 801 3836 991 3925; x_wconf 88' lang='lat' dir='ltr'><strong>postulabit</strong></span> <span class='ocrx_word' id='word_1_313' title='bbox 1009 3836 1053 3903; x_wconf 90' lang='lat' dir='ltr'><strong>ab</strong></span> <span class='ocrx_word' id='word_1_314' title='bbox 1073 3841 1213 3904; x_wconf 89' lang='lat' dir='ltr'><strong>auctore</strong></span> <span class='ocrx_word' id='word_1_315' title='bbox 1234 3858 1343 3916; x_wconf 89' lang='lat' dir='ltr'><strong>sacro,</strong></span> <span class='ocrx_word' id='word_1_316' title='bbox 1362 3840 1402 3903; x_wconf 93' lang='lat' dir='ltr'><strong>ut</strong></span> <span class='ocrx_word' id='word_1_317' title='bbox 1423 3836 1594 3903; x_wconf 89' lang='lat' dir='ltr'><strong>eiusmodi</strong></span> 
     </span>
     <span class='ocr_line' id='line_1_34' title="bbox 265 3941 1593 4033; baseline 0.001 -25"><span class='ocrx_word' id='word_1_318' title='bbox 265 3943 445 4033; x_wconf 90' lang='lat' dir='ltr'><strong>opiniones</strong></span> <span class='ocrx_word' id='word_1_319' title='bbox 459 3942 596 4025; x_wconf 83' lang='lat' dir='ltr'><strong>refutet,</strong></span> <span class='ocrx_word' id='word_1_320' title='bbox 613 3942 766 4029; x_wconf 87' lang='lat' dir='ltr'><strong>corrigat</strong></span> <span class='ocrx_word' id='word_1_321' title='bbox 780 3941 835 4008; x_wconf 92' lang='lat' dir='ltr'><strong>vel</strong></span> <span class='ocrx_word' id='word_1_322' title='bbox 849 3964 904 4009; x_wconf 89' lang='lat' dir='ltr'><strong>eas</strong></span> <span class='ocrx_word' id='word_1_323' title='bbox 922 3947 960 4009; x_wconf 94' lang='lat' dir='ltr'><strong>ut</strong></span> <span class='ocrx_word' id='word_1_324' title='bbox 972 3943 1099 4032; x_wconf 88' lang='lat' dir='ltr'><strong>partim</strong></span> <span class='ocrx_word' id='word_1_325' title='bbox 1109 3942 1211 4010; x_wconf 87' lang='lat' dir='ltr'><strong>falsas</strong></span> <span class='ocrx_word' id='word_1_326' title='bbox 1227 3942 1354 4031; x_wconf 88' lang='lat' dir='ltr'><strong>partim</strong></span> <span class='ocrx_word' id='word_1_327' title='bbox 1369 3948 1593 4030; x_wconf 81' lang='lat' dir='ltr'><strong>exaggeratas</strong></span> 
     </span>
     <span class='ocr_line' id='line_1_35' title="bbox 265 4047 1021 4139; baseline 0.004 -25"><span class='ocrx_word' id='word_1_328' title='bbox 265 4049 432 4117; x_wconf 86' lang='lat' dir='ltr'><strong>traducat.</strong></span> <span class='ocrx_word' id='word_1_329' title='bbox 456 4048 632 4115; x_wconf 91' lang='lat' dir='ltr'><strong>Undenam</strong></span> <span class='ocrx_word' id='word_1_330' title='bbox 646 4047 682 4114; x_wconf 92' lang='lat' dir='ltr'><strong>id</strong></span> <span class='ocrx_word' id='word_1_331' title='bbox 698 4056 873 4138; x_wconf 89' lang='lat' dir='ltr'><strong>praestare</strong></span> <span class='ocrx_word' id='word_1_332' title='bbox 889 4053 1021 4139; x_wconf 83' lang='lat' dir='ltr'><strong>posset?</strong></span> 
     </span>
    </p>

    <p class='ocr_par' dir='ltr' id='par_1_8' title="bbox 167 4154 1595 4882">
     <span class='ocr_line' id='line_1_36' title="bbox 308 4154 1593 4247; baseline 0.002 -26"><span class='ocrx_word' id='word_1_333' title='bbox 308 4155 400 4223; x_wconf 93' lang='lat' dir='ltr'><strong>ldem</strong></span> <span class='ocrx_word' id='word_1_334' title='bbox 423 4154 513 4247; x_wconf 88' lang='lat' dir='ltr'><strong>valet</strong></span> <span class='ocrx_word' id='word_1_335' title='bbox 536 4156 579 4222; x_wconf 90' lang='lat' dir='ltr'><strong>de</strong></span> <span class='ocrx_word' id='word_1_336' title='bbox 600 4156 806 4242; x_wconf 87' lang='lat' dir='ltr'><strong>cognatione</strong></span> <span class='ocrx_word' id='word_1_337' title='bbox 831 4155 892 4222; x_wconf 88' lang='lat' dir='ltr'><strong>illa</strong></span> <span class='ocrx_word' id='word_1_338' title='bbox 912 4155 1117 4224; x_wconf 90' lang='lat' dir='ltr'><strong>ludaeorum</strong></span> <span class='ocrx_word' id='word_1_339' title='bbox 1139 4178 1179 4223; x_wconf 87' lang='lat' dir='ltr'><strong>ac</strong></span> <span class='ocrx_word' id='word_1_340' title='bbox 1200 4157 1467 4246; x_wconf 88' lang='lat' dir='ltr'><strong>Spartiatarum,</strong></span> <span class='ocrx_word' id='word_1_341' title='bbox 1490 4178 1593 4247; x_wconf 88' lang='lat' dir='ltr'><strong>quam</strong></span> 
     </span>
     <span class='ocr_line' id='line_1_37' title="bbox 265 4260 1591 4353; baseline 0.003 -26"><span class='ocrx_word' id='word_1_342' title='bbox 265 4262 473 4330; x_wconf 86' lang='lat' dir='ltr'><strong>affirmatam</strong></span> <span class='ocrx_word' id='word_1_343' title='bbox 500 4260 655 4329; x_wconf 82' lang='lat' dir='ltr'><strong>videmus</strong></span> <span class='ocrx_word' id='word_1_344' title='bbox 685 4263 722 4328; x_wconf 92' lang='lat' dir='ltr'><strong>in</strong></span> <span class='ocrx_word' id='word_1_345' title='bbox 748 4262 899 4351; x_wconf 90' lang='lat' dir='ltr'><strong>epistolis</strong></span> <span class='ocrx_word' id='word_1_346' title='bbox 928 4264 1091 4330; x_wconf 90' lang='lat' dir='ltr'><strong>lonathae</strong></span> <span class='ocrx_word' id='word_1_347' title='bbox 1115 4268 1148 4330; x_wconf 88' lang='lat' dir='ltr'><strong>et</strong></span> <span class='ocrx_word' id='word_1_348' title='bbox 1173 4263 1245 4330; x_wconf 92' lang='lat' dir='ltr'><strong>Arii</strong></span> <span class='ocrx_word' id='word_1_349' title='bbox 1274 4264 1494 4353; x_wconf 73' lang='lat' dir='ltr'><strong>regis(12,7.</strong></span> <span class='ocrx_word' id='word_1_350' title='bbox 1524 4266 1591 4350; x_wconf 73' lang='lat'>21).</span> 
     </span>
     <span class='ocr_line' id='line_1_38' title="bbox 167 4367 1592 4461; baseline 0.002 -28"><span class='ocrx_word' id='word_1_351' title='bbox 167 4388 171 4393; x_wconf 92' lang='lat'>·</span> <span class='ocrx_word' id='word_1_352' title='bbox 265 4367 380 4435; x_wconf 82' lang='lat' dir='ltr'><strong>&#39;talem</strong></span> <span class='ocrx_word' id='word_1_353' title='bbox 395 4367 498 4435; x_wconf 87' lang='lat' dir='ltr'><strong>luisse</strong></span> <span class='ocrx_word' id='word_1_354' title='bbox 513 4368 713 4458; x_wconf 90' lang='lat' dir='ltr'><strong>opinionem</strong></span> <span class='ocrx_word' id='word_1_355' title='bbox 728 4368 832 4436; x_wconf 87' lang='lat' dir='ltr'><strong>etiam</strong></span> <span class='ocrx_word' id='word_1_356' title='bbox 845 4375 865 4434; x_wconf 73' lang='lat'><strong>2</strong></span> <span class='ocrx_word' id='word_1_357' title='bbox 878 4370 983 4438; x_wconf 84' lang='lat' dir='ltr'><strong>Mach.</strong></span> <span class='ocrx_word' id='word_1_358' title='bbox 1003 4376 1060 4445; x_wconf 85' lang='grc'><strong>5,0</strong></span> <span class='ocrx_word' id='word_1_359' title='bbox 1073 4370 1196 4437; x_wconf 91' lang='lat' dir='ltr'><strong>elucet.</strong></span> <span class='ocrx_word' id='word_1_360' title='bbox 1217 4370 1308 4437; x_wconf 86' lang='lat' dir='ltr'><strong>Nihil</strong></span> <span class='ocrx_word' id='word_1_361' title='bbox 1321 4392 1460 4461; x_wconf 89' lang='lat' dir='ltr'><strong>quoque</strong></span> <span class='ocrx_word' id='word_1_362' title='bbox 1476 4370 1592 4451; x_wconf 83' lang='lat' dir='ltr'><strong>refert,</strong></span> 
     </span>
     <span class='ocr_line' id='line_1_39' title="bbox 265 4461 1594 4563; baseline 0.002 -24"><span class='ocrx_word' id='word_1_363' title='bbox 265 4473 293 4540; x_wconf 91' lang='lat' dir='ltr'><strong>si</strong></span> <span class='ocrx_word' id='word_1_364' title='bbox 307 4480 427 4542; x_wconf 91' lang='lat' dir='ltr'><strong>auctor</strong></span> <span class='ocrx_word' id='word_1_365' title='bbox 440 4496 586 4543; x_wconf 87' lang='lat' dir='ltr'><strong>narrans</strong></span> <span class='ocrx_word' id='word_1_366' title='bbox 604 4474 647 4541; x_wconf 88' lang='lat' dir='ltr'><strong>de</strong></span> <span class='ocrx_word' id='word_1_367' title='bbox 667 4474 845 4542; x_wconf 86' lang='lat' dir='ltr'><strong>conamine</strong></span> <span class='ocrx_word' id='word_1_368' title='bbox 866 4461 1028 4542; x_wconf 89' lang='lat' dir='ltr'><strong>Antiochi</strong></span> <span class='ocrx_word' id='word_1_369' title='bbox 1042 4475 1211 4563; x_wconf 88' lang='lat' dir='ltr'><strong>sacrilego</strong></span> <span class='ocrx_word' id='word_1_370' title='bbox 1233 4498 1360 4543; x_wconf 90' lang='lat' dir='ltr'><strong>nomen</strong></span> <span class='ocrx_word' id='word_1_371' title='bbox 1380 4476 1475 4542; x_wconf 92' lang='lat' dir='ltr'><strong>urbis</strong></span> <span class='ocrx_word' id='word_1_372' title='bbox 1493 4476 1594 4561; x_wconf 86' lang='lat' dir='ltr'><strong>igno-</strong></span> 
     </span>
     <span class='ocr_line' id='line_1_40' title="bbox 239 4579 1594 4672; baseline 0.005 -30"><span class='ocrx_word' id='word_1_373' title='bbox 239 4636 242 4641; x_wconf 93' lang='lat'>.</span> <span class='ocrx_word' id='word_1_374' title='bbox 265 4579 353 4648; x_wconf 86' lang='lat' dir='ltr'><strong>ravit</strong></span> <span class='ocrx_word' id='word_1_375' title='bbox 367 4580 470 4671; x_wconf 80' lang='lat' dir='ltr'><strong>(c,1);</strong></span> <span class='ocrx_word' id='word_1_376' title='bbox 487 4602 652 4649; x_wconf 86' lang='lat' dir='ltr'><strong>numerus</strong></span> <span class='ocrx_word' id='word_1_377' title='bbox 666 4580 726 4648; x_wconf 91' lang='lat' dir='ltr'><strong>ille</strong></span> <span class='ocrx_word' id='word_1_378' title='bbox 745 4586 786 4647; x_wconf 73' lang='lat'><strong>32</strong></span> <span class='ocrx_word' id='word_1_379' title='bbox 802 4580 952 4649; x_wconf 90' lang='lat' dir='ltr'><strong>militum</strong></span> <span class='ocrx_word' id='word_1_380' title='bbox 966 4582 1008 4649; x_wconf 89' lang='lat' dir='ltr'><strong>de</strong></span> <span class='ocrx_word' id='word_1_381' title='bbox 1025 4584 1147 4671; x_wconf 85' lang='lat' dir='ltr'><strong>quovis</strong></span> <span class='ocrx_word' id='word_1_382' title='bbox 1161 4582 1347 4672; x_wconf 90' lang='lat' dir='ltr'><strong>elephanto</strong></span> <span class='ocrx_word' id='word_1_383' title='bbox 1363 4582 1594 4671; x_wconf 90' lang='lat' dir='ltr'><strong>pugnantium</strong></span> 
     </span>
     <span class='ocr_line' id='line_1_41' title="bbox 265 4687 1595 4779; baseline 0.002 -26"><span class='ocrx_word' id='word_1_384' title='bbox 265 4691 314 4754; x_wconf 87' lang='lat' dir='ltr'><strong>est</strong></span> <span class='ocrx_word' id='word_1_385' title='bbox 333 4690 453 4777; x_wconf 90' lang='lat' dir='ltr'><strong>utique</strong></span> <span class='ocrx_word' id='word_1_386' title='bbox 480 4687 602 4767; x_wconf 81' lang='lat' dir='ltr'><strong>falsus3</strong></span> <span class='ocrx_word' id='word_1_387' title='bbox 628 4709 748 4753; x_wconf 87' lang='lat' dir='ltr'><strong>verum</strong></span> <span class='ocrx_word' id='word_1_388' title='bbox 769 4688 806 4754; x_wconf 92' lang='lat' dir='ltr'><strong>in</strong></span> <span class='ocrx_word' id='word_1_389' title='bbox 830 4689 984 4756; x_wconf 91' lang='lat' dir='ltr'><strong>numeris</strong></span> <span class='ocrx_word' id='word_1_390' title='bbox 1006 4687 1169 4755; x_wconf 81' lang='lat' dir='ltr'><strong>facillime</strong></span> <span class='ocrx_word' id='word_1_391' title='bbox 1192 4689 1344 4777; x_wconf 87' lang='lat' dir='ltr'><strong>irrepere</strong></span> <span class='ocrx_word' id='word_1_392' title='bbox 1367 4689 1495 4756; x_wconf 89' lang='lat' dir='ltr'><strong>menda</strong></span> <span class='ocrx_word' id='word_1_393' title='bbox 1518 4689 1595 4779; x_wconf 93' lang='lat' dir='ltr'><strong>quis</strong></span> 
     </span>
     <span class='ocr_line' id='line_1_42' title="bbox 264 4791 1594 4882; baseline 0.002 -23"><span class='ocrx_word' id='word_1_394' title='bbox 264 4791 426 4882; x_wconf 77' lang='lat' dir='ltr'><strong>ignorat?</strong></span> <span class='ocrx_word' id='word_1_395' title='bbox 441 4794 484 4862; x_wconf 88' lang='lat' dir='ltr'><strong>ad</strong></span> <span class='ocrx_word' id='word_1_396' title='bbox 506 4800 588 4877; x_wconf 74' lang='lat'><strong>7,32</strong></span> <span class='ocrx_word' id='word_1_397' title='bbox 608 4798 711 4861; x_wconf 89' lang='lat' dir='ltr'><strong>testes</strong></span> <span class='ocrx_word' id='word_1_398' title='bbox 732 4794 867 4861; x_wconf 89' lang='lat' dir='ltr'><strong>variant</strong></span> <span class='ocrx_word' id='word_1_399' title='bbox 887 4795 942 4862; x_wconf 89' lang='lat' dir='ltr'><strong>vel</strong></span> <span class='ocrx_word' id='word_1_400' title='bbox 957 4802 1050 4864; x_wconf 84' lang='lat'><strong>5000</strong></span> <span class='ocrx_word' id='word_1_401' title='bbox 1071 4795 1126 4862; x_wconf 87' lang='lat' dir='ltr'><strong>vel</strong></span> <span class='ocrx_word' id='word_1_402' title='bbox 1145 4800 1226 4878; x_wconf 88' lang='lat'>500;</span> <span class='ocrx_word' id='word_1_403' title='bbox 1247 4796 1332 4861; x_wconf 91' lang='lat' dir='ltr'><strong>item</strong></span> <span class='ocrx_word' id='word_1_404' title='bbox 1352 4794 1394 4862; x_wconf 92' lang='lat' dir='ltr'><strong>ad</strong></span> <span class='ocrx_word' id='word_1_405' title='bbox 1420 4803 1520 4881; x_wconf 83' lang='lat'><strong>16,10</strong></span> <span class='ocrx_word' id='word_1_406' title='bbox 1542 4796 1594 4863; x_wconf 86' lang='lat' dir='ltr'><strong>vel</strong></span> 
     </span>
    </p>
   </div>
   <div class='ocr_carea' id='block_1_5' title="bbox 0 0 1824 5367">
    <p class='ocr_par' dir='ltr' id='par_1_9' title="bbox 0 0 1824 5367">
     <span class='ocr_line' id='line_1_43' title="bbox 0 0 1824 5367; baseline 0 0"><span class='ocrx_word' id='word_1_407' title='bbox 0 0 1824 5367; x_wconf 95' lang='lat' dir='ltr'><strong> </strong></span> 
     </span>
    </p>
   </div>
  </div>
 </body>
</html>
