3625 5367
275 335 333 396 118
788 334 818 391 t.
842 346 935 391 Hecu.
960 329 1100 401 int-to.

274 502 365 538 eorum
391 494 416 537 et
438 491 517 535 nator
540 490 565 533 et
589 485 731 533 exercitum
754 499 882 547 mannum
929 481 1015 538 αὐτῶν
1035 477 1081 536 καῖ
1104 475 1151 548 τὴν
1177 474 1339 549 ἀποσκευὴν,
1367 477 1541 556 παρεμύολην
1564 503 1612 552 με·

277 577 363 636 ratde,
396 582 425 624 ut
460 573 581 624 uenirent
614 573 644 621 in
675 579 775 623 terram
801 573 880 623 luda.
928 569 1014 644 γάλην
1027 567 1139 647 σφόδρα,
1156 566 1240 624 ἐλθεῖν
1255 569 1292 632 εἰς
1306 569 1354 641 γῆν
1370 563 1467 626 Ἰούδα.
1488 569 1536 626 46.
1556 566 1610 626 Καὶ

277 665 320 716 λθ.
334 665 367 713 lit
387 670 518 714 venerunt
536 675 620 725 usque
636 663 764 727 Ephrem
779 669 803 711 et
819 663 882 711 ltaec
929 650 1008 729 ἦλθον
1023 655 1072 722 ἕως
1091 652 1210 734 Ἐρρὼν,
1226 654 1272 713 καὶ
1287 652 1355 728 αὕτη
1374 659 1391 726 ἡ
1415 655 1493 722 πόλις
1508 658 1611 736 μεγάλη

276 756 372 804 civitae
391 766 491 816 rnapna
512 753 543 801 in
559 753 683 814 inpressu
701 753 800 815 posita,
827 765 882 800 rnu-
929 746 974 804 ἐπῖ
987 749 1034 816 τῆς
1049 744 1145 810 ελςόδου
1161 741 1245 822 θχυρδι
1265 743 1380 823 σφόδρα·
1397 745 1445 803 οὐκ
1464 735 1495 814 ἦν
1522 746 1613 802 ἐκκλῖ-

275 845 337 893 nita
351 842 431 892 valde
448 848 472 889 et
493 855 550 890 nau
568 847 627 890 erat
646 839 782 889 declinare
797 841 831 889 ab
851 853 883 888 eo
929 859 972 894 ναι
987 837 1036 893 ἀπ’
1053 835 1135 904 αὐτῆς
1154 829 1239 900 δεξιὰν
1254 829 1271 902 ἢ
1285 830 1440 911 ἀριστερὰν,
1458 834 1519 892 ἀλλ’
1537 831 1554 902 ἢ
1571 831 1613 890 διὰ

235 931 239 937 ’
276 933 371 981 aerrra
397 929 438 980 vet
464 931 590 988 sinistra,
620 929 665 978 scd
692 943 741 994 per
769 930 883 978 mediam
931 924 1012 1000 μέσου
1028 923 1109 993 αὐτῆς
1124 918 1291 1000 πορεύεσθαι.
1309 923 1358 982 tt.
1380 921 1436 981 Καὶ
1451 922 1612 980 ἀπέκλεισαν

277 1022 329 1070 iter
355 1027 422 1069 crat.
457 1017 501 1068 ll.
531 1023 566 1067 Et
589 1016 759 1067 incluserunt
786 1032 812 1066 νο
836 1018 883 1081 qui
930 1011 1065 1079 vicelicet
1090 1014 1119 1069 ἐκ
1143 1013 1190 1079 τῆς
1208 1009 1311 1076 πόλεως
1329 1008 1376 1068 καῖ
1402 1009 1546 1090 ῖνὲφραξαν
1568 1010 1614 1078 τδις

276 1115 355 1158 erant
370 1109 401 1156 iu
419 1108 528 1156 civitate
547 1113 571 1155 et
589 1106 779 1156 obstruxerunt
790 1111 882 1170 portae
929 1101 1015 1167 πύλας
1033 1100 1121 1166 λίθοις.
1143 1101 1192 1162 48.
1212 1100 1267 1159 Καὶ
1280 1098 1420 1158 ἀπέστειλε
1440 1099 1504 1179 πρὸς
1520 1099 1614 1164 αὐτοὺς

278 1196 432 1261 lapidibut;
445 1202 469 1245 et
489 1195 564 1244 mitit
588 1197 623 1244 ad
638 1209 681 1244 eos
700 1197 782 1244 ludar
797 1196 883 1244 verbis
931 1190 1030 1256 Ἰούδας
1044 1190 1130 1267 λύγοις
1152 1190 1290 1265 εἰρηνικοῖς
1308 1188 1404 1264 λέγων·
1422 1186 1612 1263 διελευσόμεθα

276 1286 406 1364 pacificia,
433 1285 475 1334 48.
502 1285 617 1333 diceret:
643 1290 813 1332 transeamus
835 1297 884 1349 per
931 1280 974 1338 διὰ
986 1283 1032 1348 τῆς
1046 1281 1094 1354 γῆς
1108 1281 1212 1336 σαυτοῦ
1225 1279 1346 1335 ἀπελθεῖν
1360 1279 1454 1346 εἷςτὴν
1470 1280 1518 1354 γῆν
1534 1279 1610 1353 ἡμῶν

279 1382 378 1424 terram
403 1380 527 1432 vestram,
558 1380 587 1421 ut
616 1386 704 1421 eamus
729 1374 759 1420 iu
784 1379 884 1421 terram
931 1367 976 1426 καὶ
990 1367 1074 1433 votat<
1092 1364 1266 1436 κακοποιήσει
1285 1370 1364 1442 ὑμᾶς·
1384 1364 1457 1436 πλὴν
1477 1373 1532 1432 τοῖς
1549 1365 1612 1424 ποσὶ

280 1470 413 1520 ιιοιισοαι;
438 1468 461 1510 et
485 1474 561 1531 nemo
582 1461 656 1510 vobis
677 1462 782 1510 nocebit
788 1475 798 1520 ,·
822 1467 884 1511 tau-
931 1454 1162 1534 παρελεύσύμεθα.
1190 1453 1246 1514 Καὶ
1271 1457 1320 1512 οὐκ
1342 1452 1489 1527 ἠθούλοντο
1512 1454 1612 1523 ἀνοῖξαι

279 1558 334 1600 tum
358 1550 471 1626 pedibus
496 1549 682 1598 transibimus.
705 1549 738 1598 lit
757 1546 885 1599 uolebant
933 1547 1014 1625 αὐτῷ.
1031 1546 1080 1605 49.
1108 1543 1163 1603 Καλ
1182 1541 1307 1612 ἐπέταξεν
1333 1543 1434 1609 Ἰούδας
1458 1542 1570 1622 κηρῦξαι
1586 1547 1611 1602 ἐν

279 1640 317 1689 eir
345 1640 462 1702 aperire.
494 1637 537 1688 l9.
573 1638 607 1687 lit
632 1639 770 1703 praecepit
803 1637 885 1687 rudae
932 1639 964 1712 τῇ
980 1631 1139 1711 παρεμύολῇ
1158 1631 1403 1710 τοῦπαρεμύαλιῖν
1421 1630 1533 1690 ἕκαστον
1548 1622 1611 1713 tut}

277 1728 436 1792 praedicare
459 1727 491 1776 in
518 1728 624 1786 carim,
655 1734 684 1776 ut
714 1727 885 1792 applicarent
933 1725 989 1782 ἔστι
1001 1721 1085 1802 τόπῳ.
1101 1724 1150 1782 50.
1166 1720 1220 1782 Kal
1233 1719 1413 1801 παρενέὸαλον
1428 1722 1452 1778 ol
1466 1719 1558 1801 ἄνδρες
1567 1723 1613 1791 τῆς

279 1818 471 1878 tinuoquicque,
500 1817 530 1864 in
553 1829 603 1878 quo
627 1823 685 1866 erat
708 1816 777 1875 toco;
800 1815 844 1866 50.
860 1821 886 1864 et
933 1812 1069 1888 δυνάμεως
1084 1810 1130 1868 καλ
1145 1807 1314 1886 ἐπολέμησαν
1327 1809 1375 1880 τὴν
1390 1809 1469 1868 πόλιν
1483 1809 1548 1882 ὅλην
1564 1808 1611 1880 τὴν

280 1903 471 1968 applicuerunt
493 1918 519 1952 re
544 1905 598 1953 ciri
625 1906 732 1954 virtutis
755 1912 778 1954 et
798 1918 885 1969 oppu-
934 1901 1034 1981 ἡμέραν
1054 1898 1156 1970 ἐκείνην
1178 1897 1223 1957 καὶ
1244 1897 1308 1967 θλην
1327 1900 1375 1968 τὴν
1393 1896 1478 1956 νύκτα
1498 1898 1541 1956 καὶ
1564 1921 1614 1957 πα·

280 1993 376 2055 puavit
399 1992 534 2041 civitatem
556 1991 634 2041 iilam
655 1998 712 2043 tota
730 1995 773 2042 die
791 1999 887 2042 ettato
935 1990 1026 2069 ρςδόθη
1053 1993 1070 2059 ἡ
1096 1988 1172 2054 πόλις
1186 1989 1213 2046 ἐν
1237 1987 1329 2066 χεροῖν
1359 1989 1452 2048 αὐτοῦ.
1480 1989 1528 2046 51.
1557 1985 1614 2048 Καὶ

279 2087 355 2131 nacte
378 2088 402 2130 u
439 2081 604 2130 crocitant
631 2083 729 2131 civicas
752 2083 783 2130 in
804 2095 887 2130 manu
934 2079 1057 2137 ἀπώλεσε
1079 2086 1133 2136 πᾶν
1154 2076 1291 2156 ἀρσενικὸν
1304 2077 1331 2134 ἐν
1353 2077 1467 2152 στόματι
1483 2073 1616 2155 ῥομφαίας

281 2170 353 2230 etun
370 2168 413 2220 51.
435 2175 460 2218 et
476 2176 647 2234 peremerunt
665 2183 768 2219 amnem
782 2184 887 2218 narru-
933 2167 979 2225 καῖ
1003 2165 1169 2246 ἐξερρίζωσιν
1191 2165 1273 2235 αὐτὴν
1297 2163 1342 2224 καὶ
1366 2163 1448 2223 ἔλαθε
1472 2163 1504 2222 rt
1529 2165 1615 2222 σκῦλα

283 2258 338 2309 lum
352 2260 384 2308 iu
402 2272 447 2308 ore
462 2258 552 2322 aladii
574 2265 598 2307 et
617 2259 767 2308 eradicavit
791 2272 850 2308 eam
864 2267 887 2308 et
935 2258 1015 2326 αὐτῆς
1034 2253 1080 2312 καῖ
1104 2257 1193 2326 διῆλθε
1215 2253 1258 2311 διδ
1273 2257 1320 2324 τῆς
1338 2255 1442 2321 πόλεως
1457 2253 1547 2311 inviro»
1561 2255 1614 2310 τῶν

282 2349 383 2411 accepit
402 2346 493 2411 spolia
508 2349 565 2397 eiua
589 2353 614 2396 et
636 2348 765 2397 transivit
783 2361 832 2411 per
847 2354 888 2397 to·
935 2343 1159 2422 ἀπεκταμμένιον.
1186 2345 1236 2403 52.
1264 2341 1317 2404 Καὶ
1342 2341 1467 2410 διέύησαν
1480 2339 1525 2398 τὸν
1544 2339 1613 2420 Ἰορ-

284 2442 337 2485 tam
356 2437 493 2485 civitatem
516 2448 598 2499 super
616 2436 780 2501 interfector.
797 2437 839 2487 52.
855 2437 888 2485 Et
935 2433 1016 2506 δύνην
1031 2435 1066 2499 εἰς
1089 2431 1120 2490 ci
1134 2432 1224 2492 πεδίον
1239 2431 1269 2489 τὸ
1293 2431 1362 2508 μέγα
1387 2429 1455 2488 κατὰ
1474 2429 1613 2507 πρόςωπον

283 2526 446 2587 ιταιιερσοεοῖ
475 2531 538 2574 sunt
566 2525 707 2574 Iordanem
740 2525 771 2575 in
796 2539 888 2589 campo
936 2523 1063 2583 Βαιθσάν.
1100 2524 1151 2583 53.
1182 2519 1237 2580 Kal
1263 2511 1296 2592 ἦν
1323 2518 1423 2586 Ἰούδας
1446 2517 1613 2595 ἐπιαννοῖγων

283 2627 381 2676 maeno
404 2619 499 2663 contra
522 2613 620 2679 faciem
641 2614 769 2664 Betttcan.
790 2614 835 2666 58.
856 2615 888 2663 Et
934 2609 993 2678 τοὺς
1016 2610 1202 2690 ἰσχατῖζοντας
1224 2608 1271 2668 καλ
1293 2611 1457 2687 παρακαλῶν
1479 2605 1523 2665 riu
1549 2605 1614 2666 λαὸν

283 2708 342 2752 erat
363 2703 444 2751 ludar
469 2716 634 2768 conprepanr
658 2711 786 2753 extremos
802 2709 827 2753 et
842 2717 888 2752 er·
935 2699 1005 2758 κατὰ
1031 2709 1122 2758 πᾶσαν
1149 2697 1196 2770 τὴν
1224 2697 1294 2770 ὁδὸν,
1322 2695 1370 2763 ἕως
1398 2687 1477 2769 ἦλθεν
1503 2697 1539 2763 εἰς
1566 2699 1615 2774 γῆν

284 2791 446 2840 hortabatur
472 2790 604 2858 poputum
626 2806 675 2856 per
699 2799 782 2841 totam
803 2793 886 2851 viam,
936 2787 1036 2847 Ἰούδα·
1054 2791 1104 2848 iil.
1121 2787 1167 2846 καλ
1182 2787 1315 2859 οῖνῖύησαν
1331 2787 1368 2852 είς
1381 2783 1411 2846 σθ
1425 2789 1485 2866 ὄρος
1503 2783 1575 2844 Σιὼν
1590 2783 1616 2842 iu

284 2879 365 2929 donec
384 2881 506 2929 uenirent
530 2882 560 2928 in
581 2886 681 2930 terram
703 2881 787 2940 luda;
809 2879 852 2931 ol.
864 2889 888 2928 et
936 2876 1082 2957 εὐφροσύνη
1096 2875 1140 2934 καὶ
1162 2881 1247 2956 χαρᾷ,
1266 2875 1311 2934 καῖ
1325 2873 1491 2952 προςήγαγον
1505 2877 1618 2934 ὁλοκαυ-

285 2969 461 3018 accenderunt
483 2969 515 3017 irc
533 2974 648 3018 montem
665 2970 734 3018 Sion
758 2981 816 3018 curn
836 2968 889 3017 tae·
937 2965 1060 3039 πύσματα,
1083 2963 1123 3023 ὅτι
1139 2965 1187 3023 οὐκ
1205 2963 1298 3022 ἔπεσεν
1314 2963 1340 3032 ἐξ
1364 2965 1452 3022 αὐτῶν
1471 2963 1555 3029 οὐδεὶς
1567 2959 1619 3028 ἕως

285 3058 350 3106 titia
360 3063 383 3106 et
398 3056 500 3120 gaudio
511 3062 536 3107 et
551 3057 706 3107 obtulerunt
721 3056 886 3116 batocaurta,
935 3057 983 3112 τοῦ
998 3051 1158 3134 ἐπιστρέψαι
1173 3053 1199 3112 iu
1215 3051 1319 3132 εἰρήνῃ.
1412 3073 1416 3078 ·

287 3147 356 3207 quod
374 3159 450 3195 nemo
470 3159 500 3194 ev
521 3147 560 3195 eir
584 3147 729 3206 recidiua,
748 3147 829 3195 donec
844 3157 888 3194 re·

286 3241 453 3285 verterentur
466 3235 498 3284 in
510 3248 586 3299 pace.

331 3479 384 3544 Uti
399 3479 516 3544 Simon
529 3477 672 3546 ludaeos
690 3502 730 3547 ex
745 3479 909 3560 Galilaea,
926 3501 965 3546 ex
978 3477 1092 3545 medio
1109 3476 1397 3564 alienigenarum,
1419 3475 1563 3543 adduxit
1582 3474 1619 3541 in

287 3581 461 3666 Iudaeam,
480 3585 530 3652 ita
547 3586 648 3653 ludas
668 3608 807 3676 quoque
826 3583 971 3653 devictis
990 3606 1031 3652 ae
1050 3583 1182 3675 punitis
1201 3583 1460 3674 oppressoribus
1480 3581 1619 3649 ludaeo-

287 3712 365 3758 rum
379 3713 413 3759 ν.
432 3699 472 3760 t5
489 3693 713 3782 conprcpavit
727 3694 900 3759 universos
914 3690 1163 3780 Israelitaa'qui
1174 3703 1271 3757 erant
1282 3689 1320 3756 in
1338 3687 1571 3770 Galaaditide,
1586 3693 1618 3754 el

286 3797 375 3865 illud
395 3799 571 3866 universos
594 3799 739 3867 ulterius
763 3799 968 3866 describitur
991 3821 1013 3864 a
1032 3796 1176 3864 minimo
1198 3801 1261 3864 etc.
1282 3797 1347 3886 (cfr
1363 3800 1443 3863 Gen.
1464 3801 1578 3878 19,11.
1601 3799 1616 3860 1

287 3909 379 3974 Sam.
408 3912 536 3989 3o,2.n
557 3911 632 3973 Par.
663 3910 912 3986 15‚13;3t‚30.
946 3911 1011 3972 ler.
1037 3910 1155 3987 31,3t;
1180 3910 1271 3986 l9,8.
1294 3908 1368 3971 Bar.
1396 3907 1451 3982 1,.t
1477 3899 1559 3989 etc.)
1587 3906 1622 3966 et

287 4011 489 4097 designatur
508 4011 629 4078 addito
653 4011 840 4078 accercitum
863 4033 1029 4101 mapnum
1055 4009 1168 4089 oalde;
1185 4009 1311 4098 quibus
1335 4008 1498 4075 omnibus
1523 4004 1623 4073 habi-

286 4116 402 4183 tacula
414 4116 568 4184 tribuere
584 4117 658 4183 vult
682 4116 720 4184 in
737 4117 850 4183 medio
865 4119 1013 4185 fratrum
1032 4118 1068 4184 iu
1088 4116 1226 4184 Iudaea.
1245 4121 1306 4182 Per
1328 4138 1385 4182 eos
1404 4133 1543 4204 quoque
1566 4134 1622 4179 ro-

286 4223 354 4289 bur
369 4224 535 4291 exercitus
552 4230 711 4311 augetur.
729 4228 796 4291 lter
814 4225 955 4313 capiunt
971 4247 1010 4292 ex
1030 4223 1158 4290 Galaud
1179 4222 1357 4290 Iordanem
1378 4243 1496 4288 versus
1515 4239 1621 4310 quem

287 4331 430 4398 transire
447 4329 519 4398 vult
538 4330 637 4398 ludas
652 4354 670 4398 e
688 4331 830 4417 regione
853 4331 1001 4398 Bethsan
1019 4332 1063 4422 (v.
1087 4329 1142 4419 52)
1162 4329 1188 4398 i.
1206 4353 1237 4396 e.
1259 4327 1392 4396 Boisan.
1415 4333 1496 4396 Cum
1519 4325 1621 4392 ludas

286 4460 405 4506 omnes
438 4437 580 4506 ludaeos
604 4461 643 4505 ex
672 4437 873 4525 regionibus
895 4437 967 4504 illis
991 4436 1137 4504 voluerit
1164 4435 1341 4522 colligere,
1364 4432 1544 4523 probabile
1570 4436 1621 4498 est

221 4589 225 4596 ·
285 4569 366 4614 eum
387 4567 484 4614 usum
504 4568 576 4614 esse
597 4545 756 4632 longiore
778 4543 921 4612 circuitu
945 4543 989 4610 ab
1009 4542 1131 4612 ultima
1156 4563 1260 4632 quam
1283 4538 1497 4630 expugnavit
1514 4536 1616 4620 urbe,

286 4653 361 4720 soil.
378 4675 399 4720 a
418 4655 577 4720 carnaim
599 4652 800 4743 (ltschuren,
822 4655 980 4735 Agraena
1004 4652 1042 4716 in
1063 4647 1240 4736 Ledscha).
1263 4652 1300 4713 ln
1323 4669 1392 4736 qua
1411 4645 1619 4732 migratione

285 4771 452 4825 venerunt
470 4783 577 4849 resque
596 4759 754 4849 Ephrem
772 4754 961 4824 eitis’urbis
982 4757 1085 4824 situm
1101 4753 1307 4824 determinat
1323 4758 1348 4821 l.
1363 4757 1399 4820 P.
1417 4775 1485 4820 vau
1499 4753 1620 4818 Karte-
