3625 5367
260 389 321 450 230
614 382 619 390 ’
768 393 796 450 t.
820 408 913 450 circu.
938 391 1097 462 13‚3r-3c.

269 543 347 593 aliod
375 549 431 592 erat
459 543 636 592 tributariam
660 544 691 592 tn
713 543 868 604 inuestem,
917 541 1090 600 τελωνείσθω.
1107 542 1155 600 ll).
1174 541 1229 600 Καὶ
1244 540 1268 598 cl
1282 563 1349 606 τινες
1364 537 1506 611 ἐπιτήδειοι
1526 541 1598 616 ὑμῶν

272 635 329 682 tom
346 645 402 681 ooo
419 633 455 680 stt
475 631 660 683 tributarium.
679 632 722 682 tt).
736 633 770 682 m
783 635 808 682 st
825 633 872 696 qut
918 633 1052 711 γραφῆναι
1067 631 1102 696 εἰς
1121 627 1180 696 τοὺς
1194 629 1255 710 περὶ
1269 633 1350 706 ἡμᾶς,
1366 628 1598 710 ἐγγραφέσθωσαν,

271 734 303 769 ec
317 721 392 770 vohis
407 720 465 783 opti
485 726 546 768 suot
567 721 700 770 conscribi
719 723 792 772 inter
809 735 874 771 nos·
920 718 965 776 καὶ
980 717 1095 796 γινέσθω
1110 717 1242 795 ἀναμίσον
1258 721 1335 795 ἡμῶν
1352 718 1453 798 εἰρήνη.

274 817 328 859 tros
357 808 572 868 conscribantur,
597 815 622 858 et
654 813 690 860 sit
724 811 795 860 inter
826 824 874 860 nos

274 912 338 962 poc.

75 1049 110 1171 J}
130 1055 138 1088 ³
196 1103 199 1106 ⁴
314 1073 480 1140 Perfidiae
501 1073 689 1163 Tryphonis
710 1072 749 1139 in
770 1072 939 1140 lonathan
959 1072 1159 1140 commissae
1178 1071 1275 1140 aliud
1296 1070 1448 1139 eiusdem
1471 1070 1605 1139 lacinus

272 1178 430 1266 adiungit
450 1203 477 1247 s.
501 1185 622 1248 auctor
642 1182 708 1247 hoc
728 1179 798 1246 iam
818 1180 893 1246 loco
913 1200 1188 1246 commemorans
1212 1179 1420 1246 Antiochum
1445 1177 1560 1244 dolose
1584 1198 1603 1244 a

271 1286 452 1374 Tryphone
471 1308 541 1353 esse
556 1288 716 1354 occisum.
732 1285 810 1353 Eius
829 1285 1008 1353 occisionis
1027 1287 1238 1354 mentionem
1256 1286 1387 1352 iaciunt
1407 1284 1468 1352 alii
1486 1305 1602 1351 rerum

271 1391 456 1480 scriptores
479 1397 661 1481 postquam
684 1393 874 1459 Demetrius
901 1392 946 1458 ab
971 1397 1106 1474 Arsace,
1133 1391 1337 1460 Parthorum
1364 1411 1458 1477 rege,
1484 1395 1602 1479 captus

272 1497 543 1588 estllb,13).lto
565 1499 907 1588 losephus'(13,5,11.
927 1506 999 1580 6,1;
1017 1498 1194 1581 7,tl,item
1213 1498 1344 1566 indicat
1360 1496 1524 1565 [liodorus
1541 1496 1598 1562 sic.

274 1604 413 1692 (fragm.
433 1604 512 1674 hist.
530 1609 556 1670 ll
582 1627 617 1693 p.
633 1609 704 1672 xlx
723 1627 759 1671 n.
780 1604 852 1693 25),
875 1606 1050 1695 Appianus
1071 1607 1158 1694 (Syr.
1177 1605 1307 1694 mss),
1327 1603 1474 1671 lustinus
1495 1603 1602 1692 (36,ss

272 1715 374 1800 atque
390 1733 429 1778 ex
446 1712 486 1778 iis
498 1734 591 1801 ¹quae
612 1712 704 1802 apud
726 1711 856 1778 Livium
878 1710 964 1801 Epit.
986 1719 1029 1779 52
1042 1717 1076 1778 et
1095 1720 1136 1780 55
1158 1715 1356 1794 narrantur,
1374 1709 1469 1780 -idem
1490 1708 1604 1799 sequi·

30 1813 80 1909 ζ
154 1837 157 1840 ’
272 1823 340 1884 tur.
366 1822 450 1883 Nam
474 1819 637 1907 Tryphon
662 1817 846 1886 Alexandri
876 1817 961 1900 filio,
986 1819 1119 1886 bimulo
1146 1817 1347 1898 admodum,
1381 1837 1527 1902 regnum
1551 1837 1604 1882 ³⁵·

276 1922 412 1989 serebat
432 1931 466 1990 et
490 1951 506 1984 o
530 1922 715 1991 Alexandri
734 1924 825 1991 filius
851 1923 972 1992 decem
998 1947 1108 1992 annos
1129 1923 1318 1992 admodum
1342 1922 1473 1990 habeus
1492 1945 1512 1988 a
1529 1920 1605 1990 uio-

278 2029 359 2094 doto
376 2029 438 2118 qui
461 2029 625 2118 Tryphon
645 2029 968 2116 cognominabatur,
986 2035 1098 2098 tutore
1120 2053 1192 2112 suo,
1214 2053 1276 2120 per
1296 2030 1453 2097 fraudem
1474 2027 1607 2096 occisus

277 2139 339 2224 est,
360 2137 531 2224 corruptis
552 2135 693 2202 medicis
714 2135 775 2226 qui
798 2157 877 2203 eum
902 2137 1024 2204 calculi
1054 2137 1174 2205 dolore
1197 2137 1352 2205 consumi
1372 2136 1416 2203 ad
1439 2135 1605 2225 populum

277 2241 423 2326 mentiti,
442 2241 526 2310 dum
545 2248 664 2310 secant
683 2241 882 2310 occiderunt
899 2271 929 2308 η.
951 2245 1145 2311 Secundum
1165 2265 1204 2310 ea
1226 2245 1343 2334 itaque
1363 2242 1525 2333 Tryphon
1545 2262 1607 2330 per

277 2352 353 2416 octo
377 2371 485 2416 annos
515 2349 721 2416 Antiochum
752 2371 872 2436 regem
903 2349 1056 2417 retinuit.
1083 2351 1273 2417 Demetrius
1299 2353 1415 2416 autem
1447 2345 1607 2435 regnavit

277 2476 368 2530 anuo
390 2461 451 2521 167
472 2454 533 2522 sel.
551 2460 584 2522 et
610 2478 651 2522 eo
672 2454 783 2522 solum
804 2460 958 2546 tempore
985 2458 1146 2545 Tryphon
1163 2479 1241 2524 eum
1263 2455 1429 2522 Antiocho
1452 2473 1609 2522 reversus
1712 2531 1720 2547 ·

281 2561 345 2628 sihi
371 2561 535 2652 imposuit
553 2561 713 2630 diadema
730 2563 933 2652 (11‚1o,5t),
953 2569 987 2631 et
1006 2563 1196 2630 Demetrius
1215 2563 1466 2653 expeditionem
1487 2565 1607 2627 contra

278 2669 420 2736 Parthos
439 2669 586 2758 suscepit
610 2691 701 2736 anno
727 2676 791 2737 172
815 2669 876 2737 sel.
901 2670 1021 2760 (ihil.
1040 2670 1074 2738 Si
1100 2671 1216 2760 itaque
1237 2668 1401 2759 Tryphon
1421 2691 1482 2757 per
1501 2687 1609 2734 annos

279 2783 356 2841 octo
374 2775 539 2842 Antiocho
564 2796 648 2862 rege
664 2797 772 2864 puero
795 2797 876 2843 usus
896 2783 959 2859 est,
982 2782 1071 2844 certe
1096 2797 1174 2844 eum
1203 2774 1326 2842 occidit
1348 2773 1519 2842 Demetrio
1537 2774 1609 2841 iarn

279 2884 391 2969 capto.
412 2881 575 2969 Iosephus
600 2903 681 2947 vero
709 2883 827 2949 asserit
848 2883 1054 2952 Antiochum
1078 2882 1224 2949 occisum
1254 2903 1324 2948 esse
1345 2885 1528 2972 postquam
1549 2901 1612 2969 per

280 2991 444 3075 quattuor
473 3007 582 3051 annos
615 2989 776 3072 regnavit
800 2989 952 3078 (13,x,1)
976 3012 1048 3056 non
1079 2988 1188 3056 multo
1212 2994 1394 3078 postquam
1425 2983 1614 3054 Demetrius

282 3097 403 3181 captus
422 3095 483 3158 est.
501 3095 603 3157 Sacer
623 3098 741 3160 auctor
757 3093 875 3184 itaque
890 3096 953 3162 hoc
968 3095 1043 3162 loco
1063 3117 1178 3162 rerum
1201 3093 1358 3162 ordinem
1380 3092 1553 3183 quendam
1573 3113 1613 3158 ac

283 3197 527 3284 cognationem
551 3198 718 3288 sequitur,
737 3201 860 3268 seriem
880 3202 1043 3291 temporis
1058 3223 1245 3291 parumper
1260 3201 1431 3267 omittens.

327 3305 489 3394 Tryphon
504 3314 661 3394 ἐπορεύετο
679 3312 757 3396 sap
782 3306 899 3375 dolose
919 3310 990 3396 egit
1004 3331 1081 3376 cum
1103 3308 1287 3390 Antioch03
1303 3308 1345 3374 cl.
1369 3315 1545 3396 πορεύεσθαι
1561 3335 1610 3374 oc—

285 3422 332 3503 cloc
364 3415 463 3476 Prov.
489 3401 609 3496 2836,
643 3421 733 3482 bairo
766 3425 822 3482 τῶν
857 3421 1016 3500 ἐπιθυμιῶν
1052 3414 1152 3482 Eecli.
1184 3419 1300 3498 1839:
1332 3415 1406 3482 κατὰ
1437 3418 1524 3502 χεῖρά
1559 3441 1611 3479 σου

281 3518 630 3598 restauracione
651 3519 775 3588 itinere
795 3542 872 3588 cum
891 3545 932 3589 eo
955 3523 1044 3589 facto
1067 3520 1176 3610 (vulg)
1198 3511 1303 3587 verba
1322 3542 1393 3586 non
1415 3525 1494 3586 sunt
1509 3517 1610 3584 intel·

281 3623 434 3712 ligenda.
458 3630 567 3691 Puero
590 3627 701 3694 occiso
729 3628 887 3717 Tryphon
911 3629 1046 3714 regium
1075 3649 1199 3694 nomen
1229 3625 1295 3694 sibi
1325 3625 1501 3708 attribuit,
1527 3623 1611 3712 fecit

278 3731 426 3822 plagam
449 3733 680 3821 metonomia
702 3732 802 3802 bellis
818 3734 891 3802 scil.
911 3757 998 3824 quae
1014 3735 1118 3821 gessit
1137 3737 1256 3799 contra
1272 3737 1428 3821 satrapas
1449 3737 1484 3798 et
1508 3729 1612 3798 duces

282 3862 300 3905 e
326 3838 424 3925 regia
443 3837 577 3906 familia
594 3839 758 3907 oriundos
781 3841 838 3930 (cl.
859 3840 990 3924 hltlller,
1013 3842 1137 3927 fragm.
1154 3841 1177 3906 l.
1199 3841 1257 3928 c).
1276 3841 1403 3920 Simon,
1422 3837 1474 3904 uti
1493 3859 1613 3904 monu-

283 3948 398 4010 mento
408 3943 591 4031 sepulcrali
606 3945 761 4012 debitum
782 3947 950 4015 honorem
971 3946 1221 4036 exhibuitpatri
1235 3951 1267 4012 et
1282 3944 1457 4023 fratribus,
1471 3944 1520 4011 ita
1539 3943 1615 4032 pari

283 4048 400 4115 studio
421 4050 596 4116 securitati
615 4057 648 4116 et
669 4055 870 4140 protectioni
893 4053 1014 4145 populi
1035 4054 1209 4142 prospexit
1229 4074 1323 4118 arces
1350 4055 1385 4118 et
1407 4049 1617 4119 munitiones

283 4156 319 4221 in
335 4153 459 4221 iudaea
478 4155 682 4222 exstruendo
698 4164 730 4224 et
749 4158 817 4226 iam
839 4165 1023 4228 exstructas
1039 4158 1213 4226 reddendo
1229 4159 1413 4241 firmiores,
1431 4160 1465 4224 et
1480 4177 1616 4224 comea-

285 4259 407 4328 tumin
422 4259 464 4326 iis
487 4261 688 4330 collocando
701 4287 731 4330 v.
748 4271 802 4332 33.
821 4271 996 4357 lnsupera
1015 4264 1148 4356 perfido
1163 4265 1345 4354 Tryphone
1364 4285 1435 4332 esse
1454 4263 1616 4332 receden-

285 4368 370 4436 dum
391 4366 458 4434 sibi
475 4370 653 4458 persuasit.
668 4372 765 4439 Mittit
782 4372 890 4460 igitur
909 4373 1042 4460 legatos
1062 4371 1104 4438 ad
1126 4372 1334 4439 Demetrium
1355 4391 1485 4457 regem,
1506 4393 1526 4438 a
1547 4391 1614 4459 quo

281 4475 440 4542 Ionathas
458 4483 643 4544 recesserat
667 4480 749 4568 quia
768 4480 945 4568 promissis
963 4479 1051 4546 datis
1064 4500 1134 4545 non
1155 4477 1248 4545 stetit
1267 4477 1415 4567 (11,53);
1434 4498 1505 4544 non
1523 4477 1613 4543 stetit

280 4581 472 4671 promissiS,
496 4584 635 4672 quando
653 4592 727 4652 erat
749 4586 786 4652 in
810 4609 894 4676 pace
926 4593 959 4652 et
979 4586 1162 4654 securitate
1187 4583 1328 4674 (11,5Ξ).
1354 4587 1477 4650 Verum
1499 4583 1612 4673 impu-

283 4695 407 4774 gnatus
421 4710 442 4755 a
456 4689 638 4778 Tryphone
651 4691 784 4758 censeri
794 4698 930 4781 poterat
941 4715 1004 4782 pro
1018 4698 1173 4781 tempore
1187 4688 1334 4780 periculi
1353 4695 1476 4757 cuneta
1493 4711 1612 4756 conce·

275 4792 368 4874 dere,
390 4815 477 4881 quae
502 4793 619 4862 Simon
645 4820 746 4886 opem
765 4799 897 4866 laturus
919 4805 1061 4889 peteret.
1086 4796 1302 4887 Experientia
1321 4797 1413 4864 enim
1434 4795 1613 4864 constabat
