3625 5367
247 314 305 392 410
758 313 787 370 4.
811 326 904 371 unca.
927 311 1067 380 ouo-45.

243 474 379 531 percutere
404 468 562 516 Bacchidem
585 474 609 516 et
633 467 744 517 divertit
766 465 800 514 ah
820 478 849 514 eo
894 460 973 540 χίδην
992 458 1038 518 καὶ
1057 459 1185 528 ίξέκλινιν
1202 461 1249 518 ἀπ’
1270 461 1351 519 αὐτοῦ
1369 463 1405 527 είς
1420 457 1455 520 τίν
1474 462 1571 522 θπίσω.

243 564 331 616 rctro,·
355 556 398 606 48.
420 562 445 604 et
467 555 581 606 dissiliit
600 557 729 607 ionathas
755 562 779 604 et
802 556 849 616 qui
894 551 945 611 48,
963 547 1016 610 Καί
1048 549 1208 621 ἐνεπήδησεν
1234 547 1362 610 Ἰωνάθου
1392 549 1438 608 καί
1466 551 1490 608 ot
1517 553 1577 626 μετ’

243 659 343 695 cumea
359 654 437 694 crant
457 646 487 694 iu
509 646 652 694 Iordanem
674 650 699 693 et
717 652 849 694 transna-
895 639 975 697 αὐτοῦ
990 640 1026 705 ιίς
1040 637 1084 696 τὀν
1099 637 1236 717 ’ίορδένην
1247 636 1294 698 καί
1307 635 1521 715 δισκολύμθησαν
1536 643 1573 706 εἷς

243 741 367 785 taverunt
391 735 425 784 ad
444 749 487 784 cos
511 735 663 784 Iordanem.
690 734 733 786 49.
753 734 786 782 m
806 747 849 782 cc·
895 727 925 787 τθ
939 725 1023 807 πέραν
1038 725 1082 786 καὶ
1096 727 1125 786 ού
1140 726 1267 798 διέθησαν
1283 726 1323 785 ἐπ’
1337 727 1430 794 αὐτοὺς
1443 727 1488 786 τὸν
1504 727 1577 809 Ἰορ-

242 824 364 873 cidcrunt
392 823 422 871 dc
451 829 529 887 parte
560 823 699 874 Bacchidis
727 823 770 872 die
797 820 850 871 iiia
895 815 988 890 δαίνην.
1010 814 1127 878 hatich
1147 813 1266 874 itinerar
1291 815 1364 895 παρδι
1385 815 1523 895 Βακχίδην
1542 821 1576 896 τῇ

243 913 318 962 cattle
335 913 390 964 ciri
405 919 429 961 et
444 914 545 962 reuersi
558 919 621 962 sunt
642 914 674 961 in
692 911 847 962 ierusalem.
895 906 984 985 ἡμέρη
1013 903 1098 984 έκείνη
1119 907 1154 971 είς
1179 905 1279 985 χιλίους
1307 905 1414 982 ἄνδρας.
1441 905 1486 965 καί
1508 905 1579 966 cini·

897 996 1009 1075 οτριψιν
1022 993 1158 1074 Βακχίδης
1174 995 1211 1062 εἷς
1224 992 1419 1073 Ἰερουσαλήμ.

281 1090 325 1140 50.
337 1090 851 1155 Etacdificaoeruntcicitatesmunitas
938 1085 988 1144 50.
1012 1083 1066 1144 Καὶ
1087 1081 1242 1162 ᾠκοδόμησε
1263 1082 1352 1150 πόλεις
1372 1083 1471 1163 ὀχυρὰς
1491 1085 1518 1141 ίν
1539 1088 1573 1163 τῇ

245 1181 275 1228 iu
301 1180 411 1238 iudaea,
438 1181 614 1230 munitionem
642 1195 710 1242 quac
738 1187 796 1229 crat
818 1181 852 1228 ιἰι
897 1169 1024 1252 Ἰουδαίᾳ,
1041 1171 1071 1230 τὸ
1090 1171 1221 1252 ὀχύρωμα
1239 1173 1269 1231 si
1289 1170 1440 1252 ἕν’Ἱεριχὼ
1460 1171 1506 1230 καί
1526 1171 1574 1244 τὴν

246 1270 358 1329 iericho,
382 1276 406 1318 et
430 1270 461 1318 in
483 1275 632 1329 Ammaum,
654 1275 679 1318 et
703 1271 734 1318 in
757 1270 852 1318 Betho-
898 1259 1046 1336 Ἐμμασὺμ
1063 1260 1109 1319 καί
1124 1260 1170 1330 τὴν
1188 1259 1331 1340 Βαιθιορθνν
1346 1259 1391 1320 καί
1407 1261 1456 1333 τὴν
1474 1259 1575 1332 Boseth

246 1363 333 1407 canet
354 1358 384 1406 in
406 1356 534 1408 Bethelct
558 1359 852 1408 thamnatactt'harn
897 1350 944 1407 καὶ
971 1350 1020 1419 τὴν
1050 1349 1186 1425 Θαμναθὰ
1215 1349 1261 1407 καί
1287 1347 1424 1431 Φαραθὼν
1455 1351 1500 1408 καὶ
1530 1353 1580 1421 τὴν

245 1454 269 1494 ct
296 1447 396 1510 thopo,
418 1447 504 1496 mucis
525 1445 634 1497 eacetsis
660 1453 684 1496 et
711 1449 799 1512 portis
826 1453 851 1496 et
897 1436 993 1519 Τερθνν
1008 1439 1035 1496 έν
1051 1439 1150 1517 τείχεσι
1162 1439 1272 1520 θῷηλοῖς
1283 1437 1330 1496 καί
1343 1437 1439 1506 πύλαις
1452 1438 1498 1497 καὶ
1513 1461 1581 1518 μοχ-

244 1536 323 1583 seris.
350 1534 393 1584 54.
416 1536 448 1584 is't
473 1537 563 1599 posuit
582 1537 730 1586 custodiam
750 1538 781 1585 ιἰι
800 1538 850 1597 eis,
898 1527 963 1595 λοῖς.
986 1528 1105 1588 51.ch
1128 1525 1201 1586 έθετο
1226 1526 1341 1607 φρουρὰν
1363 1529 1391 1586 έν
1415 1528 1505 1594 αιίτοῑς
1532 1531 1580 1586 τοῦ

237 1631 273 1688 ,ιιι
306 1624 469 1674 inimicitias
500 1633 650 1676 exercerent
683 1627 715 1675 in
751 1625 849 1676 israel.
898 1615 1045 1696 ἐχθραίνειν
1060 1619 1098 1696 τῷ
1116 1615 1238 1696 Ἰσραήλ.
1251 1619 1302 1677 52.
1321 1615 1376 1676 Καί
1390 1609 1517 1696 ὠχύρωσε
1532 1615 1581 1687 τὴν

246 1713 289 1762 52.
321 1713 354 1762 Et
383 1715 663 1766 muniuit.cioitatem
689 1717 848 1765 Bethsurnm
898 1706 975 1764 πόλιν
999 1705 1047 1776 τὴν
1071 1704 1239 1784 Βαιθσούραν
1260 1704 1307 1763 καί
1331 1701 1441 1784 Γάζαρα
1465 1703 1511 1764 καί
1533 1704 1581 1776 τὴν

245 1809 268 1848 ct
297 1807 431 1851 Gasaram
458 1811 482 1852 et
507 1817 593 1854 arcem
616 1811 640 1852 et
661 1806 753 1870 posuit
768 1805 799 1854 in
814 1806 852 1853 ets
899 1793 996 1874 σ’ίκραν,
1009 1793 1054 1853 καί
1069 1792 1141 1853 ἔθετο
1154 1795 1180 1852 έν
1193 1793 1285 1860 αὐτοῖς
1297 1795 1421 1870 δυνάμεις
1434 1792 1479 1853 καί
1491 1817 1581 1875 παρα-

246 1889 352 1938 ancilia
371 1898 395 1939 ct
419 1899 584 1957 apparatum
605 1906 740 1953 escarum;
762 1893 806 1943 53.
826 1901 851 1943 et
899 1882 1164 1962 θέσσις’βρωμνίτων·
1183 1885 1233 1943 53.
1251 1881 1298 1941 καὶ
1321 1881 1402 1942 hate
1425 1883 1486 1951 τοὺς
1508 1869 1585 1950 utute·

183 1979 186 1982 ’
245 1980 345 2042 accepit
373 1979 444 2044 fitios
472 1981 629 2046 principum
658 1983 782 2045 cratonis
809 1983 853 2032 ot·
899 1975 952 2030 τῶν
975 1969 1130 2049 ἡγουμένων
1155 1975 1202 2043 τῆς
1223 1967 1313 2051 χώρας
1333 1973 1425 2050 ὅμηρα
1444 1970 1489 2030 καί
1508 1972 1582 2032 ίθατο

245 2068 315 2115 sides
329 2073 353 2116 et
370 2069 461 2132 posuit
476 2083 518 2119 eas
538 2071 569 2118 in
584 2083 644 2119 arce
658 2072 690 2120 in
705 2070 854 2121 ierusaiem
899 2058 994 2128 αὐτοὺς
1012 2063 1040 2117 ίν
1053 2063 1087 2139 τῇ
1102 2059 1173 2140 ἄκρη
1187 2062 1215 2118 ίν
1230 2059 1408 2138 Ἰερουσαλὴμ
1422 2064 1449 2120 iu
1465 2061 1579 2141 φυλακῇ.

246 2157 277 2204 in
292 2157 448 2206 custodiam.
1562 2151 1566 2158 “

283 2244 328 2294 54.
343 2246 375 2294 iit
391 2259 463 2295 anno
478 2248 617 2296 centesimo
632 2250 854 2312 quinquaaesimo
942 2240 990 2298 54.
1015 2236 1068 2297 Καί
1082 2239 1109 2296 έν
1124 2236 1177 2296 έτει
1190 2237 1271 2318 τρίτῳ
1285 2239 1331 2296 καί
1344 2241 1516 2316 πεντηκοστῷ
1530 2239 1576 2298 καὶ

248 2334 326 2382 tertio
343 2347 430 2384 merua
454 2337 567 2384 secundo
586 2337 723 2402 praecepit
737 2337 854 2388 Alcimus
899 2327 1037 2406 ἑκατοστῷ
1051 2325 1116 2402 μηνὶ
1130 2328 1168 2406 τῷ
1184 2326 1297 2406 διυτίρῳ
1309 2323 1433 2393 ἐπέταξεν
1447 2323 1580 2403 Ἄλκιμος

249 2422 350 2472 destrui
369 2436 458 2472 muros
477 2424 568 2474 domus
587 2432 695 2475 sanctae
714 2427 855 2477 interioris
900 2415 1036 2494 καθαιρεῖν
1050 2415 1081 2474 si
1092 2423 1178 2493 τεῖχος
1195 2419 1243 2486 τῆς
1262 2415 1345 2486 αὐλῆς
1364 2417 1416 2473 τῶν
1436 2414 1516 2492 ἁγίων
1532 2419 1578 2488 τῆς

247 2519 269 2560 et
286 2513 388 2562 destrui
404 2526 486 2577 opera
505 2515 701 2579 prophetarum
721 2523 746 2565 et
768 2517 854 2582 coepit
902 2503 1032 2586 ίοωτίρας
1052 2503 1098 2562 καὶ
1115 2505 1222 2562 καθιῖλι
1237 2504 1270 2562 σθ
1285 2501 1350 2582 ἔργα
1368 2505 1420 2562 τῶν
1440 2505 1581 2584 προφητῶν

247 2602 389 2650 destrucre.
416 2602 458 2652 55.
485 2604 518 2652 in
542 2609 657 2669 tempore
677 2603 854 2672 itioperaus-
899 2591 946 2652 καὶ
961 2590 1088 2672 ίνήρξατο
1100 2598 1146 2652 τοῦ
1159 2595 1429 2674 καθαιριῖν.55.Ὲν
1443 2596 1481 2671 τῷ
1496 2594 1581 2674 καιρῷ

244 2697 340 2738 cnseat
360 2689 478 2740 dicimus
497 2699 521 2741 et
541 2693 674 2757 impedita
693 2702 854 2760 santopcra
899 2681 993 2762 ἐκείνῳ
1015 2679 1121 2760 έπλήγη
1145 2679 1276 2759 Ἄλκιμος
1299 2680 1346 2740 καὶ
1370 2680 1525 2752 ἐναποδίοθη
1548 2682 1582 2739 τὰ

245 2778 322 2828 titius
343 2786 367 2826 et
389 2779 522 2831 occlusum
550 2787 588 2831 est
613 2796 640 2831 os
662 2783 719 2832 eius
745 2790 770 2832 et
794 2784 852 2834 dis·
899 2771 965 2852 έργοι
989 2771 1069 2829 αὐτοῦ
1093 2770 1139 2829 καί
1164 2771 1306 2850 ἀπεφράγη
1331 2769 1361 2827 si
1384 2769 1473 2847 στόμα
1499 2769 1579 2830 αὐτοῦ

244 2867 346 2916 sotutus
370 2875 407 2917 est
430 2869 558 2932 paralysi
586 2884 633 2919 nec
662 2870 736 2919 uttra
763 2873 851 2935 potuit
899 2861 944 2918 καὶ
968 2859 1103 2937 παρελύθη
1124 2858 1169 2917 καί
1195 2857 1242 2917 ούκ
1262 2857 1441 2929 ἠδύνατοέτι
1463 2859 1580 2930 λαλῆσαι

245 2955 318 3017 toqui
335 2957 444 3006 verbum
460 2966 484 3006 et
503 2959 633 3007 mandare
648 2960 678 3006 dc
695 2958 771 3008 domo
786 2974 851 3020 sua;
899 2950 976 3026 λόγον
1001 2945 1046 3006 καί
1062 2946 1226 3006 ἐντείλασθαι
1243 2945 1305 3024 περί
1328 2953 1374 3007 τοῦ
1392 2945 1464 3006 οἴκου
1491 2946 1579 3008 αὐτοῦ.

243 3044 286 3093 56.
308 3052 333 3093 ct
352 3052 471 3096 mortuus
490 3052 527 3095 est
545 3046 663 3096 dicimus
686 3048 850 3113 intempore
899 3039 948 3097 36.
971 3035 1028 3096 Καί
1060 3035 1188 3094 ἀπίθανον
1213 3033 1345 3113 Ἄλκιμος
1374 3037 1401 3096 έν
1429 3039 1469 3116 τῷ
1497 3037 1579 3115 xut's

242 3133 292 3181 itt-o
308 3148 365 3182 cum
391 3140 521 3186 tormento
542 3149 649 3198 maana.
670 3133 848 3188 57.‘tttoiuu
900 3124 992 3206 ἐκείνῳ
1011 3122 1079 3198 μετὰ
1100 3125 1217 3204 βασάνου
1240 3125 1369 3204 μεγάλης.
1385 3127 1437 3186 57.
1454 3057 1582 3185 Katciii

244 3223 387 3272 Bacchides
401 3225 530 3288 quoniam
542 3231 662 3274 mortuus
678 3232 716 3274 est
731 3225 852 3277 dicimus
901 3212 1037 3295 Βακχίδης
1059 3211 1100 3272 ὅτι
1124 3214 1254 3273 ἀπέθανεν
1272 3211 1416 3291 Ἄλκιμος,
1439 3212 1485 3271 καί
1509 3211 1578 3273 σἰπέ-

245 3320 267 3359 ct
294 3326 414 3362 recessus
429 3319 466 3362 est
485 3315 519 3362 ad
539 3321 665 3377 τυραννον
680 3313 759 3366 situit
776 3322 850 3367 terra
899 3306 997 3384 στρεψι
1016 3301 1081 3380 πρὸς
1099 3302 1143 3361 τὸν
1159 3303 1282 3380 βασιλέα,
1297 3302 1342 3362 καὶ
1361 3301 1498 3383 ἡσύχασεν
1516 3305 1580 3382 ἡγῆ

247 3402 327 3448 annis
343 3401 454 3450 duobus.
902 3393 992 3453 Ἰούδα
1008 3389 1055 3462 ίτη
1071 3389 1125 3451 δύο.

283 3550 314 3598 ln
328 3563 356 3600 ν.
374 3550 406 3600 49
424 3552 574 3614 legendum
589 3559 631 3604 cst
646 3568 708 3606 oum
725 3555 743 3605 S
759 3555 804 3607 64.
823 3557 868 3608 93.
885 3553 1028 3622 επεστρεψιν
1047 3551 1181 3623 Βακχιδης,
1204 3563 1234 3604 ιιι
1253 3553 1389 3605 suadetur
1407 3553 1580 3604 antecedan-

247 3640 361 3690 111ιιιοο1
381 3641 616 3705 subsequentibus
631 3657 754 3708 quoquc,
771 3659 798 3697 v.
818 3659 846 3708 g.
863 3658 899 3697 uc
921 3645 1031 3708 legatur
1048 3657 1053 3692 :
1071 3644 1234 3694 ceciderunt
1256 3642 1333 3692 milla
1356 3643 1407 3692 viri
1427 3645 1453 3694 ct
1474 3643 1582 3694 reversi

246 3736 322 3778 suut.

289 3871 388 3937 Redit
416 3872 568 3938 narratio
589 3872 634 3938 ad
658 3873 694 3938 id
718 3870 811 3960 quod
833 3893 866 3939 v.
884 3876 926 3936 34
951 3870 1129 3959 inceptum
1148 3874 1233 3938 erat.
1255 3869 1438 3937 Bacchides
1458 3871 1577 3959 itaque

243 3976 376 4042 audivit
390 3977 559 4043 lonuthan
574 3999 653 4045 cum
665 3978 734 4043 suis
749 3999 823 4044 esse
838 3977 876 4043 in
891 3976 972 4044 locis
985 3976 1198 4067 palustribus
1214 3976 1368 4044 iordanis
1383 3981 1417 4044 et
1431 3977 1488 4044 die
1504 3977 1582 4044 sab·

244 4081 318 4146 bati
336 4083 441 4146 venit
471 4103 548 4149 cum
576 4105 682 4150 manu
714 4082 869 4149 militum
901 4082 1016 4150 valida
1048 4089 1106 4164 ἕως
1141 4096 1199 4151 τῶν
1225 4092 1375 4173 κρηπίδων
1398 4105 1508 4174 usque
1537 4081 1581 4150 ud

245 4186 418 4274 uraugincs
438 4187 598 4256 elatiores
618 4187 790 4256 iordanis.
815 4193 899 4254 Eum
930 4191 1034 4256 otiam
1063 4189 1243 4256 Iordanem
1272 4191 1582 4274 transisse,.conse-

244 4294 361 4383 quitur
371 4315 422 4363 ex.
440 4317 472 4359 v.
490 4299 532 4362 34
549 4302 583 4364 at
593 4319 626 4363 v.
642 4301 701 4378 44;
719 4295 925 4362 adhortatur
938 4295 1100 4363 Ionathas
1117 4319 1195 4364 suos
1213 4295 1257 4363 ad
1271 4296 1408 4363 fortiter
1420 4317 1582 4386 pugnan-

245 4405 343 4484 dum;
366 4399 497 4470 indicat
517 4404 584 4470 toto
608 4402 806 4494 periculum
828 4401 871 4468 iis
901 4402 1085 4470 imminere
1116 4403 1218 4491 quale
1244 4425 1420 4493 nunquam
1443 4407 1544 4471 antea
1571 4421 1579 4469 :

243 4533 312 4575 ιιοιι
335 4521 386 4577 est
408 4507 510 4577 hodic
524 4511 613 4578 sicut
626 4510 703 4578 heri
720 4517 801 4592 etc.;
823 4530 905 4575 nam
926 4531 957 4576 v.
975 4513 1015 4577 45
1037 4507 1167 4576 bellum
1186 4512 1235 4576 est
1259 4517 1338 4577 anto
1360 4531 1422 4578 nos
1441 4516 1474 4577 ct
1489 4531 1580 4602 pona

243 4638 317 4698 nos,
333 4639 373 4684 aa
393 4617 537 4684 adverso
559 4639 652 4685 seua
668 4621 767 4708 parte
790 4614 976 4698 anteriora,
995 4621 1028 4682 et
1046 4637 1066 4682 a
1081 4618 1193 4702 tergo,
1216 4637 1236 4682 a
1256 4621 1355 4706 parte
1372 4617 1579 4707 posteriorc3

244 4745 355 4811 aquae
377 4725 531 4791 lordonis
556 4724 774 4793 circumdant
801 4744 867 4790 nos
895 4722 957 4812 (S),
978 4744 1069 4811 aqua
1100 4721 1181 4788 hinc
1210 4727 1244 4790 ot
1262 4721 1343 4790 inda
1362 4721 1386 4790 i.
1403 4744 1433 4792 o.
1450 4723 1574 4791 inclusi
