3625 5367
632 397 670 440 nn
690 397 729 440 us
750 396 829 448 ouen
851 395 883 438 ni
905 395 994 439 rinno
1016 393 1236 439 courrxeurnn.
1580 378 1599 435 9

268 539 328 615 est,
349 531 518 621 nobisque
540 553 581 597 ea
605 529 832 599 conservavit.
855 532 900 595 Ex
920 528 1045 618 quibus
1066 526 1171 595 simul
1194 521 1355 593 discimus
1379 526 1466 594 illud
1491 548 1601 613 genus
1692 574 1697 581 .

267 639 441 730 poeticum
457 638 605 724 viguisse
621 658 759 726 quoque
778 640 936 726 tempore
955 633 1252 714 machabaeorum,
1271 632 1362 722 quod
1379 632 1603 699 commenda-

266 746 315 813 vit
333 743 520 813 Siracides:
538 743 719 811 laudemus
737 744 828 809 viros
842 742 1010 829 gloriosos
1027 744 1061 807 et
1080 745 1240 829 parentes
1257 746 1390 805 nostros
1407 740 1444 804 in
1459 760 1604 826 genera·

265 853 359 919 tione
374 874 435 918 sua
449 850 563 941 (Eccli.
585 850 691 939 Atat).
1493 859 1496 863 ’

308 962 551 1047 Proponuntur
565 956 668 1023 nobis
683 956 720 1022 in
730 956 804 1043 ,hac
818 954 1019 1021 narratione
1036 953 1151 1042 prima
1171 953 1269 1043 quasi
1286 952 1498 1019 lineamenta
1515 952 1603 1041 pha-

145 1112 149 1122 ·
265 1066 453 1131 risaeorum
470 1063 506 1129 in
519 1061 688 1130 Assidaeis
703 1062 759 1151 (cl.
773 1065 871 1141 ΞΜ
890 1062 997 1147 7,13).
1011 1064 1075 1125 Eos
1089 1057 1209 1125 laudat
1223 1063 1360 1141 auctor;
1378 1061 1603 1125 nominantur

268 1175 383 1259 ἰσχυροὶ
410 1176 531 1253 δυνάμει
560 1173 617 1237 ἀπὸ
644 1172 780 1256 Ἰσραὴλ,
808 1174 867 1247 πᾶς
907 1177 920 1234 t
963 1172 1207 1250 ἑκουσιαζὲμενος
1233 1177 1274 1253 τῷ
1305 1171 1399 1253 νόμῳ,
1426 1186 1602 1231 commen·

266 1276 392 1361 dantur
415 1298 435 1341 a
459 1274 673 1356 fortitudine,
701 1280 734 1340 et
757 1294 876 1340 omnes
902 1272 1149 1363 praedicantur
1169 1270 1413 1338 studiosissimi
1435 1271 1602 1337 zelatores
1662 1316 1667 1326 »
1779 1296 1783 1305 ’

177 1420 181 1429 -
267 1382 365 1470 legis.
383 1382 500 1449 Elucet
521 1383 637 1470 itaque
652 1380 722 1447 iam
740 1386 817 1447 autc
839 1385 978 1469 tempus
991 1377 1274 1445 llacbabaeorum
1296 1377 1461 1444 exstitisse
1480 1399 1603 1443 conso-

268 1488 450 1555 ciationem
474 1486 650 1577 quandam
674 1486 823 1576 piorum,
842 1494 1031 1572 συναγωγὴν,
1053 1486 1113 1573 qui
1134 1484 1278 1574 proprio
1299 1482 1440 1550 nomine
1455 1485 1500 1551 ab
1525 1482 1603 1550 aliis

267 1594 579 1681 distinguebantur,
596 1593 744 1683 ideoque
766 1598 892 1659 sectam
913 1591 1089 1681 quandam
1111 1590 1378 1657 constituebant.
1402 1595 1439 1656 ln
1462 1589 1603 1679 psalmis

267 1702 316 1792 pii
340 1700 398 1767 uei
423 1700 572 1767 cultores
599 1705 766 1767 vocantur
786 1714 901 1765 nitran
927 1700 1037 1787 (1233
1066 1704 1184 1778 16,10;
1212 1702 1331 1779 31,2t;
1358 1702 1455 1779 3263
1482 1701 1601 1777 3⁷‚283

269 1814 354 1890 793,
368 1808 462 1896 etc).
484 1807 551 1873 Sed
574 1805 629 1872 isti
648 1805 813 1887 Assidaei,
838 1805 895 1871 isti
916 1804 977 1893 pii,
1002 1804 1108 1893 primi
1132 1808 1230 1869 crant
1250 1825 1290 1869 ex
1313 1802 1394 1868 filiis
1418 1803 1520 1868 lsrael
1544 1805 1604 1891 qui

269 1916 314 1981 ab
331 1913 462 1981 Alcimo
478 1919 511 1979 et
526 1912 705 1994 Bacchide,
721 1913 845 1999 legatis
864 1911 957 1997 regis
971 1910 1100 1997 Syriae,
1118 1909 1345 1998 exquirebant
1359 1931 1480 1998 pacem
1497 1907 1602 1998 (7,13)

269 2042 365 2111 spem
384 2025 550 2107 ponentes
569 2021 605 2085 in
623 2018 766 2101 Alcimo,
788 2022 909 2107 utpote
927 2016 1114 2084 sacerdote.
1140 2020 1180 2081 Et
1204 2015 1343 2105 quidem
1370 2015 1419 2082 ita
1442 2021 1601 2102 egerunt,

270 2127 426 2215 quamvis
445 2124 545 2194 ludas
564 2131 597 2191 et
617 2126 740 2193 fratres
761 2124 834 2191 eius
854 2128 973 2213 aperte
992 2122 1238 2213 profiterentur
1251 2143 1320 2189 non
1339 2144 1410 2188 esse
1427 2120 1605 2187 fidendum

270 2232 393 2319 legatis
409 2234 501 2319 regis
525 2232 654 2322 quippe
676 2233 735 2320 qui
755 2232 927 2297 venissent
946 2233 1021 2296 cum
1044 2229 1193 2295 exercitu
1219 2249 1358 2313 magno.
1381 2226 1605 2317 deliquerunt

269 2340 386 2428 itaque
408 2342 523 2428 partes
543 2336 647 2405 ludae
667 2342 701 2405 et
724 2358 797 2405 sese
817 2336 1039 2404 subiecerunt
1057 2336 1180 2421 legatis
1199 2357 1220 2400 a
1239 2355 1320 2421 rege
1340 2334 1462 2400 missis.
1479 2338 1605 2401 Verum

268 2446 305 2512 id
327 2446 415 2513 male
439 2444 554 2525 cessit;
572 2445 749 2531 sexaginta
765 2466 805 2509 ex
829 2442 877 2509 eis
896 2442 998 2509 occisi
1020 2449 1111 2521 suut,
1130 2446 1164 2507 et
1183 2441 1343 2524 Alcimus,
1366 2440 1526 2507 sacerdos
1544 2442 1606 2506 im-

269 2552 357 2641 piuS,
374 2551 455 2618 lecit
469 2550 607 2640 plagam
623 2571 786 2635 magnam
805 2549 842 2614 in
857 2548 971 2628 lsrael,
989 2548 1057 2614 dux
1071 2554 1145 2613 erat
1159 2554 1191 2613 et
1209 2546 1454 2633 antesignanus
1472 2550 1601 2635 aposta·

268 2665 398 2725 tarum.
414 2662 542 2725 Auctor
553 2677 664 2730 unum
677 2655 786 2736 effert,
805 2677 866 2723 cur
881 2654 1003 2720 confisi
1016 2653 1085 2719 sint
1096 2652 1230 2719 Alcimo
1246 2675 1253 2717 :
1273 2653 1375 2726 bomo
1391 2651 1549 2720 sacerdos
1565 2651 1606 2716 de

270 2764 401 2831 semine
423 2768 538 2831 Aaron
558 2748 664 2842 teuit,
686 2782 756 2827 nou
773 2759 923 2849 decipiet
938 2782 1012 2826 nos.
1031 2758 1108 2837 Alii,
1129 2758 1178 2825 uti
1193 2758 1317 2845 Geiger
1337 2757 1515 2847 (Urscbriit
1535 2756 1607 2822 und

272 2871 568 2956 Uebersetzungen
588 2867 650 2934 der
659 2867 770 2949 Bibel,
786 2890 820 2956 p.
834 2866 928 2954 215),
944 2870 1067 2956 putant
1082 2887 1139 2931 eos
1151 2864 1312 2931 libertate
1332 2864 1509 2951 religionis
1527 2886 1608 2930 con·

271 2998 361 3043 cessa
376 2974 444 3042 iam
462 2976 627 3064 incepisse
642 2973 799 3041 diffidere
814 2972 1029 3039 Macbabaeis
1043 2972 1174 3062 quippe
1189 2972 1250 3061 qui
1267 2970 1452 3060 imperium
1464 2970 1607 3036 affecta·

270 3090 360 3149 rent.
386 3083 424 3149 ld
447 3104 486 3149 en·
510 3081 626 3148 verbis
650 3081 798 3147 auctoris
819 3101 889 3147 non
912 3079 1104 3165 colligitur3
1128 3078 1334 3167 proponitur
1352 3078 1464 3143 solum
1487 3098 1606 3143 eorum

270 3188 402 3255 indoles
418 3188 564 3278 simplex
584 3210 653 3277 qua
672 3186 842 3253 sacerdoti
863 3185 972 3274 impio
988 3184 1081 3250 baud
1099 3182 1273 3251 diffidunt.

315 3294 421 3362 Aliud
446 3293 614 3361 indicium
645 3295 739 3360 triste
771 3292 873 3358 nobis
901 3291 1084 3359 extribetur
1113 3312 1152 3357 eo
1183 3290 1276 3379 quod
1304 3289 1456 3377 dignitas
1481 3289 1607 3355 summi

271 3401 457 3468 sacerdotis
475 3423 496 3467 a
511 3422 591 3487 rege
608 3399 727 3488 Syriae
742 3406 776 3465 ct
791 3396 963 3487 expetitur
977 3400 1010 3462 et
1025 3397 1212 3463 confertur.
1228 3396 1388 3471 lnaltero
1403 3396 1494 3463 libro
1509 3400 1606 3477 lason

271 3529 347 3575 eam
375 3508 459 3574 emit
484 3506 528 3573 ab
554 3506 721 3573 Antiocho
746 3504 884 3571 talentis
914 3509 996 3585 ta03
1020 3508 1175 3569 Iasonem
1200 3501 1331 3569 maiore
1354 3502 1466 3591 pretio
1491 3500 1606 3567 oblato

270 3613 439 3681 Menelaus
454 3636 474 3679 a
487 3612 656 3700 dignitate
677 3610 840 3679 deturbat
857 3612 891 3699 (ἢ
906 3614 946 3675 Μ.
965 3616 1034 3692 A,8.
1050 3609 1125 3696 2ῖι);
1145 3608 1182 3674 in
1198 3610 1311 3697 priore
1326 3608 1476 3676 Alcimus
1491 3628 1605 3692 aroge

271 3719 462 3787 destinatur
476 3719 637 3786 sacerdos
652 3718 733 3807 (aa)
751 3724 785 3783 et
800 3714 992 3783 Alexander
1011 3714 1108 3782 Balas
1123 3713 1243 3781 scribit
1258 3716 1423 3782 lonatbae
1439 3735 1447 3781 :
1465 3719 1500 3779 ct
1513 3734 1606 3779 nunc

272 3825 510 3893 constituimus
530 3831 563 3891 te
582 3824 685 3891 hodie
707 3844 882 3891 summum
902 3820 1115 3889 sacerdotem
1139 3820 1266 3910 (1030)
1287 3826 1320 3888 et
1342 3819 1501 3909 sequenti
1521 3820 1608 3885 festo

270 3932 497 4022 scenopegiae
510 3930 625 3998 induit
644 3954 681 3997 se
695 3931 854 3998 Ionathas
872 3928 961 3996 stola
977 3934 1097 3995 sancta
1114 3928 1264 4015 (10,21);
1282 3921 1473 3993 Alexandro
1493 3930 1607 3992 autem

271 4040 360 4105 victo
379 4044 413 4105 et
431 4038 543 4106 occiso
562 4040 754 4131 Demetrius
773 4058 832 4103 rex
851 4035 970 4102 statuit
991 4035 1152 4101 lonatbae
1172 4033 1405 4123 principatum
1426 4031 1610 4099 sacerdotii

272 4145 415 4233 (11,27);
441 4145 573 4233 pariter
595 4144 781 4211 Antiochus
803 4142 1005 4209 adolescens
1027 4142 1059 4207 ei
1080 4139 1200 4207 statuit
1223 4138 1453 4206 sacerdotium
1481 4138 1608 4225 (ssat)

272 4252 373 4318 edam
395 4250 529 4318 Simoni
555 4250 743 4318 Demetrius
770 4272 829 4315 rex
856 4248 974 4315 statuit
1002 4267 1175 4315 summum
1203 4245 1606 4335 sacerdotiunr‘(1t,38).

164 4392 166 4397 ·
273 4361 426 4423 tlouorcs
441 4378 590 4446 quoque,
609 4378 734 4423 munus
748 4354 1064 4433 administrationis,
1088 4353 1209 4419 titulus
1222 4353 1325 4419 amici
1342 4352 1445 4439 regis,
1460 4350 1610 4437 insignia

274 4462 516 4530 dominationis
534 4462 746 4530 blachabaeis
766 4487 786 4529 a
807 4462 950 4548 regibus
968 4461 1191 4527 conferuntur
1208 4459 1267 4548 (cf.
1293 4464 1469 4540 lasese,
1489 4463 1607 4539 11‚ar;

277 4568 616 4657 11,57.58).1ndoles
636 4573 750 4635 tamen
771 4567 981 4635 tbeocratica
1000 4565 1211 4655 reipublicae
1230 4572 1402 4645 servatur;
1422 4565 1515 4630 idem
1534 4564 1606 4631 scil.

205 4752 215 4770 ⁶
276 4683 327 4742 est
340 4696 494 4743 summus
511 4673 668 4743 sacerdos
683 4680 717 4739 et
736 4674 803 4740 dux
820 4681 853 4741 et
867 4673 1029 4763 princeps
1049 4671 1163 4759 gentis
1181 4670 1387 4739 ludaeorum
1405 4672 1514 4759 [rent
1525 4678 1607 4757 Aa).

319 4787 356 4848 ln
383 4780 678 4849 administratione
703 4779 914 4869 reipublicae
938 4785 971 4846 et
994 4779 1032 4845 iu
1056 4778 1159 4845 rebus
1181 4776 1408 4845 decernendis
1439 4777 1610 4867 quaedam
1718 4828 1721 4838 ‚
