3625 5367
740 361 768 419 l.
793 377 884 420 neca.
910 360 1050 434 los-w.
1198 378 1202 388 ·
1504 367 1560 424 rra
1591 369 1593 374 '

226 516 326 598 aives,
344 509 437 576 idem
458 514 494 592 S,
509 533 542 594 s;
570 509 691 577 melius
711 532 815 600 quam
843 509 937 597 quod
964 509 1048 598 vulg
1074 509 1111 576 in
1129 512 1278 600 fratrem
1303 513 1387 580 eiua.
1411 519 1455 579 Ex
1479 538 1511 581 v.
1536 524 1555 582 6

224 616 325 682 simul
343 615 466 699 elucet,
484 638 589 706 quam
609 624 703 684 arcta
722 623 755 682 et
774 615 932 683 restricta
953 616 1057 683 luerit
1075 616 1133 683 illa
1154 617 1332 686 iudicandi
1350 621 1471 710 populi
1493 645 1556 711 po-

223 728 327 791 testas
344 721 451 812 (9:13)
475 744 580 812 quam
607 724 765 790 lonatbas
783 723 848 789 sub
870 723 1018 811 imperio
1039 722 1130 810 regis
1157 747 1313 792 exercere
1339 727 1450 817 potuit
1474 751 1557 819 pace

224 829 494 897 cumBacchide
509 830 611 897 facta.
634 833 720 896 Nam
740 836 815 896 tum
836 829 978 895 tandem
998 828 1171 918 quaedam
1199 853 1253 898 res
1273 831 1381 900 libere
1407 835 1557 910 admini-

224 935 356 1003 strandi
369 937 498 1024 species
513 936 546 1003 ei
570 936 780 1018 conceditur,
803 935 875 1002 scil.
899 935 1087 1002 exercitum
1104 936 1281 1024 colligere,
1299 961 1423 1029 parare
1443 962 1555 1021 arma3

224 1041 354 1109 socium
373 1042 552 1109 bellicum
569 1044 641 1110 vult
652 1063 726 1122 rex3
746 1040 880 1109 obsides
897 1041 1005 1130 (9,53)
1021 1046 1058 1108 ut
1072 1043 1209 1110 tandem
1225 1044 1417 1114 liberentur
1430 1049 1463 1114 ei
1479 1071 1558 1116 con-

225 1147 326 1216 cedit.
343 1149 512 1228 Quamdiu
532 1148 668 1216 obsides
683 1154 782 1216 erant
800 1147 838 1214 in
856 1170 946 1232 arce,
965 1149 1123 1216 lonathas
1143 1150 1233 1217 nihil
1254 1152 1558 1243 aggredipoterat

225 1255 269 1324 ad
282 1254 530 1345 opprimendos
543 1261 602 1324 ant
616 1253 892 1323 exterminandos
904 1262 1095 1345 apostatas3
1116 1261 1216 1324 erant
1228 1257 1283 1325 illi
1298 1259 1396 1348 quasi
1410 1262 1559 1350 pignora

223 1383 287 1451 per
301 1383 389 1451 quae
404 1360 497 1429 zelus
511 1362 585 1428 eius
598 1361 685 1450 legis
700 1361 871 1428 contineri
889 1361 1043 1428 deberet.

267 1472 472 1536 Potestatem
492 1469 557 1535 sibi
572 1467 735 1537 traditam
751 1468 912 1535 lonathas
926 1468 962 1534 in
983 1469 1104 1535 urbem
1126 1470 1310 1537 Ierusalem
1333 1473 1506 1561 proiectus
1527 1481 1561 1542 et

100 1619 105 1624 -
224 1574 345 1642 incolis
360 1581 394 1641 et
410 1574 579 1643 militibus
592 1576 630 1642 in
647 1597 726 1642 aree
741 1575 831 1641 lecta
844 1574 937 1661 regis
959 1575 1108 1664 epistola
1124 1577 1341 1644 annuntiavit
1360 1602 1392 1644 v.
1412 1589 1447 1660 7,
1464 1585 1506 1662 εἰς
1523 1586 1559 1650 τὰ

225 1684 285 1750 ὦτα
305 1682 349 1749 ef.
367 1686 422 1748 lix.
442 1688 523 1762 its!
538 1680 637 1762 hebr,
658 1685 749 1747 Lxx.
772 1682 834 1759 eri
850 1704 871 1747 a
887 1681 964 1767 lege
984 1681 1185 1750 deiecerant
1206 1683 1325 1751 ludaei
1342 1691 1377 1752 et
1396 1689 1456 1775 qui
1471 1687 1561 1754 inter

226 1787 441 1876 alienigenas
463 1789 596 1855 animos
616 1787 784 1873 gerebant
801 1786 938 1854 hostiles
957 1787 993 1854 in
1011 1788 1089 1876 pios
1112 1787 1170 1856 [tei
1187 1783 1338 1858 cultores
1360 1792 1460 1860 valde
1478 1817 1558 1884 per-

224 1895 336 1964 territi
350 1901 430 1964 sunt
448 1894 627 1963 audientes
649 1894 811 1961 Ionathae
829 1915 1031 1960 concessum
1049 1916 1121 1962 esse
1148 1895 1268 1985 copias
1290 1897 1455 1994 colligere
1475 1924 1507 1968 v.
1524 1908 1556 1969 8.

224 2005 269 2068 Ex
291 2000 385 2088 regis
408 2000 571 2069 mandato
594 2000 741 2082 obsides,
770 1999 834 2066 filii
862 1999 1032 2066 nobilium
1063 2001 1170 2090 (9,53)
1202 2004 1405 2098 parentibus
1433 2006 1560 2074 redditi

222 2113 311 2175 sunt
338 2108 500 2176 ionathas
521 2111 637 2176 autem
661 2107 852 2196 prudenter
875 2128 956 2174 usus
980 2111 1148 2198 potestate
1174 2108 1241 2176 sibi
1272 2109 1399 2194 tradita
1424 2114 1459 2180 in
1485 2115 1560 2205 ipsa

223 2215 310 2282 urbe
326 2214 511 2282 ierusalem
527 2220 561 2281 et
576 2214 692 2280 sedem
712 2213 777 2280 sibi
797 2213 873 2278 fixit
891 2220 925 2280 et
946 2213 1068 2282 urbem
1084 2215 1196 2304 coepit
1211 2215 1396 2305 aedificare
1411 2232 1444 2285 et
1460 2221 1560 2287 inuo-

222 2343 315 2405 care,
333 2321 449 2390 diruta
466 2320 673 2403 instaurare,
689 2319 829 2388 ruinosa
848 2341 1024 2409 reparare,
1049 2321 1146 2388 novis
1169 2321 1336 2392 aedificiis
1357 2327 1483 2393 urbem
1505 2353 1559 2394 or-

225 2449 323 2510 nare;
345 2433 451 2518 atque
472 2425 676 2517 praeprimis
700 2426 732 2493 ei
756 2447 859 2493 curae
879 2430 953 2492 erat
978 2449 1009 2491 v.
1033 2432 1071 2492 11
1101 2427 1224 2495 urbem
1248 2436 1284 2496 et
1302 2438 1455 2500 montem
1478 2437 1558 2502 Sion

225 2535 248 2601 i.
276 2557 306 2602 e.
331 2541 483 2602 montem
509 2531 632 2623 templi
655 2533 924 2622 circumquaque
952 2531 1086 2598 munire
1112 2534 1295 2602 moenibus
1320 2559 1359 2603 ex
1384 2538 1559 2629 lapidibus

224 2641 403 2732 quadratis
427 2641 572 2708 tirmiter
592 2639 783 2708 exstructis.
800 2642 883 2706 Cum
905 2638 1021 2728 itaque
1043 2639 1204 2706 lonathas
1226 2641 1457 2712 dominationi
1475 2669 1557 2716 suae

224 2749 359 2815 fortiter
374 2770 416 2815 ac
429 2747 618 2838 prudenter
631 2744 839 2836 provideret,
857 2745 1051 2812 consultum
1067 2745 1250 2814 videbatur
1262 2749 1470 2840 alienigenis
1486 2760 1556 2823 ter-

224 2877 281 2922 rae
301 2853 508 2922 ludaeorum
532 2860 669 2940 tergum
690 2858 823 2920 vertere
844 2857 878 2918 et
896 2851 935 2918 in
953 2872 1051 2920 suam
1066 2873 1239 2942 quemque
1258 2857 1407 2946 patriam
1423 2860 1553 2945 redire,

223 2961 315 3029 uude
334 2962 462 3028 iactum
482 2965 543 3045 est,
567 2965 605 3028 ut
627 2958 837 3026 munitiones
859 2980 944 3048 quas
968 2959 1211 3028 aedificaverat
1235 2965 1423 3034 Bacchides
1449 2969 1554 3061 (9,50)

224 3069 267 3136 ab
278 3068 402 3135 incolis
419 3065 599 3145 extraneis,
616 3065 822 3153 alienigenis
834 3065 1130 3155 relinquerentur3
1147 3068 1259 3135 solum
1271 3071 1309 3137 in
1324 3074 1489 3144 Bethsura
1500 3100 1555 3145 re·

224 3175 412 3243 manebant
435 3172 544 3263 aliqui
568 3180 743 3262 apostatae
764 3171 885 3260 (9,5‘2),
902 3171 939 3238 in
958 3187 1029 3260 qua
1046 3195 1124 3240 arce
1142 3195 1177 3240 se
1195 3175 1335 3244 firmum
1356 3178 1484 3250 habere
1504 3206 1556 3252 re-

223 3281 360 3368 fugium
379 3279 577 3370 sperabant.
596 3278 768 3364 Praesidia
787 3283 952 3364 Syrorum
968 3277 1007 3343 in
1025 3299 1103 3344 arce
1121 3280 1305 3347 ierusalem
1329 3289 1363 3348 et
1383 3285 1419 3350 in
1440 3291 1554 3355 muni-

220 3388 372 3454 tionibus
386 3387 516 3477 pariter
531 3383 769 3452 remanebant.
1394 3377 1397 3390 '

264 3499 399 3562 Fratres
413 3491 607 3560 Machabaei
621 3494 789 3580 quantam
801 3487 1065 3556 admirationem
1081 3489 1185 3588 rebus
1203 3493 1337 3562 fortiter
1351 3499 1455 3582 gestis
1467 3500 1554 3570 inic-

222 3600 330 3668 cerint
344 3599 548 3667 adversariis
560 3618 712 3687 quoque,
728 3595 935 3662 documento
948 3601 1028 3662 sunt
1042 3596 1156 3663 studia
1174 3599 1301 3687 quibus
1318 3608 1351 3669 et
1365 3609 1554 3676 Demetrius

221 3712 256 3773 et
266 3706 459 3774 Alexander
473 3704 642 3772 lonatban
660 3703 706 3769 ad
719 3723 796 3769 suas
811 3701 957 3791 quisque
972 3708 1086 3789 partes
1100 3705 1303 3793 pertrahere
1324 3710 1550 3783 conabantur.

222 3817 305 3881 Nam
320 3818 503 3903 postquam
518 3809 710 3879 Alexander
724 3809 850 3876 certior
868 3808 979 3875 iactus
996 3812 1048 3875 cst
1067 3807 1110 3876 de
1129 3813 1302 3900 promissis
1323 3837 1411 3904 quae
1432 3823 1550 3888 liemo-

222 3920 308 3987 trius
322 3919 484 3988 Ionathae
509 3917 606 3986 dedit
625 3922 658 3984 et
679 3939 700 3984 a
719 3916 789 3984 suis
808 3915 942 3983 asseclis
965 3913 1098 3984 audivit
1115 3920 1249 3985 narrari
1274 3921 1316 3988 de
1341 3923 1554 3998 facinoribus

223 4025 411 4116 praeclaris
424 4027 571 4094 fratrum
583 4025 868 4092 llachabaeorum
884 4046 917 4089 v.
937 4029 991 4108 15,
1009 4021 1234 4092 admiratione
1253 4025 1295 4094 de
1316 4030 1376 4097 tali
1390 4033 1463 4101 viro
1479 4059 1555 4129 cap

223 4138 275 4201 tus
295 4155 375 4201 eum
390 4132 458 4199 sibi
477 4131 611 4200 socium
629 4136 663 4199 et
683 4132 833 4198 amicum
853 4130 966 4197 facere
988 4129 1140 4199 decrevit
1158 4153 1190 4198 v.
1211 4139 1251 4200 16
1267 4140 1437 4227 numquid
1457 4144 1553 4212 inve.

221 4239 358 4307 niemus
373 4247 481 4306 unum
500 4238 605 4307 talem
621 4239 759 4306 virum?
776 4237 847 4305 soil.
864 4237 924 4327 qui
946 4237 979 4304 ei
993 4237 1036 4304 sit
1051 4237 1216 4328 aequalis,
1233 4240 1302 4308 iam
1315 4264 1383 4311 non
1400 4248 1553 4318 invenie·

224 4349 298 4430 tur;
328 4369 436 4438 quare
462 4367 542 4412 eum
564 4345 667 4412 nobis
692 4345 824 4412 socium
852 4349 886 4412 et
915 4343 1064 4412 amicum
1087 4345 1200 4414 facere
1233 4357 1383 4439 oportet!
1414 4359 1554 4445 Scripsit

223 4451 339 4544 itaque
355 4452 388 4520 ei
406 4451 601 4544 epistolam;
622 4456 660 4518 ut
674 4450 950 4518 benevolentiam
966 4452 1130 4518 Ionathae
1146 4475 1250 4544 quam
1267 4456 1412 4525 maxime
1427 4462 1552 4552 capiat,

224 4580 301 4627 eum
319 4566 499 4650 tamquam
523 4558 591 4626 sibi
608 4556 789 4647 aequalem
810 4579 850 4624 ac
875 4557 992 4645 regiae
1014 4556 1194 4644 dignitatis
1213 4570 1405 4630 consortem
1426 4566 1461 4634 in
1482 4569 1557 4659 ipsa

223 4664 447 4757 inscriptione
468 4667 595 4734 salutat
622 4685 702 4732 eum
728 4661 942 4731 nominando
966 4666 1124 4747 iratrem;
1155 4674 1268 4754 χαίρειν
1294 4672 1387 4759 apud
1414 4679 1556 4746 Graecos

224 4772 322 4842 solita
344 4774 447 4842 estin
467 4772 567 4840 initio
588 4771 811 4862 epistolarum
830 4770 1008 4853 salutatio;
1031 4773 1073 4839 ei.
1101 4794 1133 4838 v.
1159 4777 1218 4856 253
1245 4781 1357 4858 taso.
1385 4784 1445 4866 82;
1468 4789 1560 4868 ¹22⁶·
