<?xml version="1.0" encoding="UTF-8"?>
<!DOCTYPE html PUBLIC "-//W3C//DTD XHTML 1.0 Transitional//EN"
    "http://www.w3.org/TR/xhtml1/DTD/xhtml1-transitional.dtd">
<html xmlns="http://www.w3.org/1999/xhtml" xml:lang="en" lang="en">
 <head>
  <title>
</title>
<meta http-equiv="Content-Type" content="text/html;charset=utf-8" />
  <meta name='ocr-system' content='tesseract 3.04.00' />
  <meta name='ocr-capabilities' content='ocr_page ocr_carea ocr_par ocr_line ocrx_word'/>
</head>
<body>
  <div class='ocr_page' id='page_1' title='image "./commentariusind00knabgoog/commentariusind00knabgoog_0061.png"; bbox 0 0 3625 5367; ppageno 0'>
   <div class='ocr_carea' id='block_1_1' title="bbox 747 402 1569 474">
    <p class='ocr_par' dir='ltr' id='par_1_1' title="bbox 747 402 1569 474">
     <span class='ocr_line' id='line_1_1' title="bbox 747 402 1569 474; baseline -0.001 -13"><span class='ocrx_word' id='word_1_1' title='bbox 747 402 775 461; x_wconf 90' lang='grc'>1.</span> <span class='ocrx_word' id='word_1_2' title='bbox 800 416 893 461; x_wconf 73' lang='lat' dir='ltr'><strong>ulcu.</strong></span> <span class='ocrx_word' id='word_1_3' title='bbox 918 402 1054 474; x_wconf 70' lang='grc'>1,11·11.</span> <span class='ocrx_word' id='word_1_4' title='bbox 1531 410 1569 467; x_wconf 74' lang='grc'>17</span> 
     </span>
    </p>
   </div>
   <div class='ocr_carea' id='block_1_2' title="bbox 215 547 1578 4910">
    <p class='ocr_par' dir='ltr' id='par_1_2' title="bbox 232 547 1572 1277">
     <span class='ocr_line' id='line_1_2' title="bbox 232 547 1568 642; baseline 0.004 -23"><span class='ocrx_word' id='word_1_5' title='bbox 232 550 293 619; x_wconf 90' lang='lat' dir='ltr'><strong>alii</strong></span> <span class='ocrx_word' id='word_1_6' title='bbox 317 550 392 619; x_wconf 90' lang='lat' dir='ltr'><strong>eius</strong></span> <span class='ocrx_word' id='word_1_7' title='bbox 413 547 583 618; x_wconf 90' lang='lat' dir='ltr'><strong>insaniam</strong></span> <span class='ocrx_word' id='word_1_8' title='bbox 605 560 708 634; x_wconf 78' lang='grc' dir='ltr'>μανίαν</span> <span class='ocrx_word' id='word_1_9' title='bbox 729 548 963 635; x_wconf 81' lang='lat' dir='ltr'><strong>declararent3</strong></span> <span class='ocrx_word' id='word_1_10' title='bbox 984 573 1093 639; x_wconf 91' lang='lat' dir='ltr'><strong>quare</strong></span> <span class='ocrx_word' id='word_1_11' title='bbox 1116 552 1278 640; x_wconf 80' lang='lat' dir='ltr'>Polybius</span> <span class='ocrx_word' id='word_1_12' title='bbox 1298 574 1378 621; x_wconf 89' lang='lat' dir='ltr'><strong>eum</strong></span> <span class='ocrx_word' id='word_1_13' title='bbox 1402 554 1568 642; x_wconf 74' lang='grc' dir='ltr'>Ἐπιμανῆ,</span> 
     </span>
     <span class='ocr_line' id='line_1_3' title="bbox 233 656 1572 749; baseline 0.004 -25"><span class='ocrx_word' id='word_1_14' title='bbox 233 680 302 725; x_wconf 92' lang='lat' dir='ltr'><strong>non</strong></span> <span class='ocrx_word' id='word_1_15' title='bbox 327 657 489 745; x_wconf 72' lang='grc' dir='ltr'>Ἐπιφανῆ,</span> <span class='ocrx_word' id='word_1_16' title='bbox 511 662 610 724; x_wconf 86' lang='lat' dir='ltr'><strong>vocat</strong></span> <span class='ocrx_word' id='word_1_17' title='bbox 632 657 716 745; x_wconf 86' lang='lat' dir='ltr'><strong>(Pol.</strong></span> <span class='ocrx_word' id='word_1_18' title='bbox 734 663 848 739; x_wconf 72' lang='lat' dir='ltr'><strong>nam.</strong></span> <span class='ocrx_word' id='word_1_19' title='bbox 870 658 966 724; x_wconf 86' lang='lat' dir='ltr'><strong>Diod.</strong></span> <span class='ocrx_word' id='word_1_20' title='bbox 985 656 1115 749; x_wconf 70' lang='lat' dir='ltr'><strong>huon).</strong></span> <span class='ocrx_word' id='word_1_21' title='bbox 1133 663 1289 727; x_wconf 90' lang='lat' dir='ltr'><strong>Ceterum</strong></span> <span class='ocrx_word' id='word_1_22' title='bbox 1313 660 1380 729; x_wconf 92' lang='lat' dir='ltr'><strong>alio</strong></span> <span class='ocrx_word' id='word_1_23' title='bbox 1403 662 1478 728; x_wconf 95' lang='lat' dir='ltr'><strong>loco</strong></span> <span class='ocrx_word' id='word_1_24' title='bbox 1493 665 1572 729; x_wconf 83' lang='lat' dir='ltr'><strong>Dio·</strong></span> 
     </span>
     <span class='ocr_line' id='line_1_4' title="bbox 234 762 1572 855; baseline 0.003 -24"><span class='ocrx_word' id='word_1_25' title='bbox 234 763 338 831; x_wconf 91' lang='lat' dir='ltr'><strong>dorus</strong></span> <span class='ocrx_word' id='word_1_26' title='bbox 353 764 396 830; x_wconf 90' lang='lat' dir='ltr'><strong>de</strong></span> <span class='ocrx_word' id='word_1_27' title='bbox 412 784 452 831; x_wconf 92' lang='lat' dir='ltr'><strong>eo</strong></span> <span class='ocrx_word' id='word_1_28' title='bbox 469 762 591 831; x_wconf 90' lang='lat' dir='ltr'><strong>scribit</strong></span> <span class='ocrx_word' id='word_1_29' title='bbox 609 783 617 829; x_wconf 76' lang='grc' dir='ltr'><strong><em>ε</em></strong></span> <span class='ocrx_word' id='word_1_30' title='bbox 636 768 734 831; x_wconf 91' lang='lat' dir='ltr'><strong>erant</strong></span> <span class='ocrx_word' id='word_1_31' title='bbox 749 764 892 831; x_wconf 92' lang='lat' dir='ltr'><strong>consilia</strong></span> <span class='ocrx_word' id='word_1_32' title='bbox 911 766 1085 853; x_wconf 89' lang='lat' dir='ltr'><strong>quaedam</strong></span> <span class='ocrx_word' id='word_1_33' title='bbox 1100 766 1259 833; x_wconf 74' lang='lat' dir='ltr'><strong>Antiochi</strong></span> <span class='ocrx_word' id='word_1_34' title='bbox 1274 772 1309 833; x_wconf 90' lang='lat' dir='ltr'><strong>et</strong></span> <span class='ocrx_word' id='word_1_35' title='bbox 1323 767 1413 835; x_wconf 87' lang='lat' dir='ltr'><strong>lacta</strong></span> <span class='ocrx_word' id='word_1_36' title='bbox 1427 769 1524 855; x_wconf 85' lang='lat' dir='ltr'><strong>regia</strong></span> <span class='ocrx_word' id='word_1_37' title='bbox 1539 775 1572 836; x_wconf 92' lang='lat' dir='ltr'><strong>et</strong></span> 
     </span>
     <span class='ocr_line' id='line_1_5' title="bbox 234 869 1571 959; baseline 0.004 -22"><span class='ocrx_word' id='word_1_38' title='bbox 234 870 463 937; x_wconf 79' lang='lat' dir='ltr'><strong>admiratione</strong></span> <span class='ocrx_word' id='word_1_39' title='bbox 483 869 606 957; x_wconf 90' lang='lat' dir='ltr'><strong>digna;</strong></span> <span class='ocrx_word' id='word_1_40' title='bbox 629 870 803 959; x_wconf 80' lang='lat' dir='ltr'><strong>quaedam</strong></span> <span class='ocrx_word' id='word_1_41' title='bbox 819 876 940 938; x_wconf 91' lang='lat' dir='ltr'><strong>contra</strong></span> <span class='ocrx_word' id='word_1_42' title='bbox 955 872 1090 939; x_wconf 90' lang='lat' dir='ltr'><strong>abiecta</strong></span> <span class='ocrx_word' id='word_1_43' title='bbox 1108 872 1195 940; x_wconf 89' lang='lat' dir='ltr'><strong>adeo</strong></span> <span class='ocrx_word' id='word_1_44' title='bbox 1215 878 1251 940; x_wconf 92' lang='lat' dir='ltr'><strong>et</strong></span> <span class='ocrx_word' id='word_1_45' title='bbox 1265 873 1361 956; x_wconf 90' lang='lat' dir='ltr'><strong>vilia,</strong></span> <span class='ocrx_word' id='word_1_46' title='bbox 1379 881 1417 941; x_wconf 92' lang='lat' dir='ltr'><strong>ut</strong></span> <span class='ocrx_word' id='word_1_47' title='bbox 1437 875 1482 942; x_wconf 87' lang='lat' dir='ltr'><strong>ab</strong></span> <span class='ocrx_word' id='word_1_48' title='bbox 1498 898 1571 942; x_wconf 93' lang='lat' dir='ltr'><strong>om·</strong></span> 
     </span>
     <span class='ocr_line' id='line_1_6' title="bbox 233 958 1571 1071; baseline 0.003 -26"><span class='ocrx_word' id='word_1_49' title='bbox 233 977 337 1045; x_wconf 92' lang='lat' dir='ltr'><strong>nibus</strong></span> <span class='ocrx_word' id='word_1_50' title='bbox 351 978 454 1067; x_wconf 90' lang='lat' dir='ltr'><strong>plane</strong></span> <span class='ocrx_word' id='word_1_51' title='bbox 470 982 692 1067; x_wconf 78' lang='lat' dir='ltr'><strong>sperneretur</strong></span> <span class='ocrx_word' id='word_1_52' title='bbox 708 976 900 1066; x_wconf 84' lang='lat' dir='ltr'><strong>(31‚1o.1);</strong></span> <span class='ocrx_word' id='word_1_53' title='bbox 921 958 1109 1069; x_wconf 76' lang='lat' dir='ltr'><strong>de&#39;pompa</strong></span> <span class='ocrx_word' id='word_1_54' title='bbox 1120 979 1306 1067; x_wconf 89' lang='lat' dir='ltr'><strong>magnilica</strong></span> <span class='ocrx_word' id='word_1_55' title='bbox 1320 986 1355 1047; x_wconf 93' lang='lat' dir='ltr'><strong>et</strong></span> <span class='ocrx_word' id='word_1_56' title='bbox 1369 980 1459 1049; x_wconf 93' lang='lat' dir='ltr'><strong>ludis</strong></span> <span class='ocrx_word' id='word_1_57' title='bbox 1478 982 1571 1071; x_wconf 89' lang='lat' dir='ltr'><strong>apud</strong></span> 
     </span>
     <span class='ocr_line' id='line_1_7' title="bbox 234 1082 1567 1175; baseline 0.004 -25"><span class='ocrx_word' id='word_1_58' title='bbox 234 1084 397 1174; x_wconf 83' lang='lat' dir='ltr'><strong>Daphnen</strong></span> <span class='ocrx_word' id='word_1_59' title='bbox 421 1082 603 1151; x_wconf 88' lang='lat' dir='ltr'><strong>celebratis</strong></span> <span class='ocrx_word' id='word_1_60' title='bbox 626 1088 746 1151; x_wconf 87' lang='lat' dir='ltr'><strong>narrat</strong></span> <span class='ocrx_word' id='word_1_61' title='bbox 769 1083 928 1171; x_wconf 84' lang='lat' dir='ltr'><strong>Polybius</strong></span> <span class='ocrx_word' id='word_1_62' title='bbox 944 1084 1037 1173; x_wconf 79' lang='grc'>(31,3</span> <span class='ocrx_word' id='word_1_63' title='bbox 1056 1084 1162 1174; x_wconf 87' lang='lat' dir='ltr'><strong>seq.);</strong></span> <span class='ocrx_word' id='word_1_64' title='bbox 1183 1092 1361 1175; x_wconf 88' lang='lat' dir='ltr'><strong>praeterea</strong></span> <span class='ocrx_word' id='word_1_65' title='bbox 1378 1090 1422 1155; x_wconf 86' lang='lat' dir='ltr'><strong>cf.</strong></span> <span class='ocrx_word' id='word_1_66' title='bbox 1436 1088 1567 1172; x_wconf 84' lang='lat' dir='ltr'><strong>lluller,</strong></span> 
     </span>
     <span class='ocr_line' id='line_1_8' title="bbox 235 1188 946 1277; baseline -0.001 -20"><span class='ocrx_word' id='word_1_67' title='bbox 235 1196 370 1277; x_wconf 75' lang='lat' dir='ltr'><strong>Fragm.</strong></span> <span class='ocrx_word' id='word_1_68' title='bbox 387 1190 467 1258; x_wconf 89' lang='lat' dir='ltr'><strong>hist.</strong></span> <span class='ocrx_word' id='word_1_69' title='bbox 490 1212 542 1277; x_wconf 91' lang='lat' dir='ltr'><strong>gr.</strong></span> <span class='ocrx_word' id='word_1_70' title='bbox 566 1195 684 1272; x_wconf 86' lang='grc'>3,186;</span> <span class='ocrx_word' id='word_1_71' title='bbox 701 1188 813 1257; x_wconf 88' lang='lat' dir='ltr'><strong>Livius</strong></span> <span class='ocrx_word' id='word_1_72' title='bbox 831 1194 946 1271; x_wconf 58' lang='grc'>1131).</span> 
     </span>
    </p>

    <p class='ocr_par' dir='ltr' id='par_1_3' title="bbox 215 1293 1574 2877">
     <span class='ocr_line' id='line_1_9' title="bbox 277 1293 1568 1387; baseline 0.002 -23"><span class='ocrx_word' id='word_1_73' title='bbox 277 1297 461 1387; x_wconf 71' lang='lat' dir='ltr'><strong>Antiochus</strong></span> <span class='ocrx_word' id='word_1_74' title='bbox 473 1296 630 1386; x_wconf 65' lang='lat' dir='ltr'><strong>regnavit</strong></span> <span class='ocrx_word' id='word_1_75' title='bbox 645 1296 682 1363; x_wconf 80' lang='lat' dir='ltr'><strong>in</strong></span> <span class='ocrx_word' id='word_1_76' title='bbox 699 1318 790 1363; x_wconf 81' lang='lat' dir='ltr'><strong>anno</strong></span> <span class='ocrx_word' id='word_1_77' title='bbox 808 1293 875 1366; x_wconf 84' lang='grc'>137</span> <span class='ocrx_word' id='word_1_78' title='bbox 890 1296 993 1386; x_wconf 73' lang='lat' dir='ltr'><strong>requi</strong></span> <span class='ocrx_word' id='word_1_79' title='bbox 1009 1298 1227 1379; x_wconf 80' lang='lat' dir='ltr'><strong>Graecorum,</strong></span> <span class='ocrx_word' id='word_1_80' title='bbox 1244 1300 1433 1367; x_wconf 91' lang='lat' dir='ltr'><strong>secundum</strong></span> <span class='ocrx_word' id='word_1_81' title='bbox 1450 1321 1568 1367; x_wconf 89' lang='lat' dir='ltr'><strong>aeram</strong></span> 
     </span>
     <span class='ocr_line' id='line_1_10' title="bbox 232 1403 1566 1492; baseline 0.003 -22"><span class='ocrx_word' id='word_1_82' title='bbox 232 1403 502 1485; x_wconf 90' lang='lat' dir='ltr'><strong>Seleucidarum,</strong></span> <span class='ocrx_word' id='word_1_83' title='bbox 525 1403 621 1471; x_wconf 91' lang='lat' dir='ltr'><strong>cuius</strong></span> <span class='ocrx_word' id='word_1_84' title='bbox 644 1424 754 1471; x_wconf 89' lang='lat' dir='ltr'><strong>annus</strong></span> <span class='ocrx_word' id='word_1_85' title='bbox 778 1404 914 1492; x_wconf 91' lang='lat' dir='ltr'><strong>primus</strong></span> <span class='ocrx_word' id='word_1_86' title='bbox 931 1403 1054 1492; x_wconf 78' lang='lat' dir='ltr'><strong>incipit</strong></span> <span class='ocrx_word' id='word_1_87' title='bbox 1080 1404 1125 1471; x_wconf 85' lang='lat' dir='ltr'><strong>ab</strong></span> <span class='ocrx_word' id='word_1_88' title='bbox 1153 1410 1317 1472; x_wconf 89' lang='lat' dir='ltr'><strong>autumno</strong></span> <span class='ocrx_word' id='word_1_89' title='bbox 1339 1406 1423 1473; x_wconf 91' lang='lat' dir='ltr'><strong>anni</strong></span> <span class='ocrx_word' id='word_1_90' title='bbox 1446 1412 1512 1473; x_wconf 75' lang='lat'><strong>312</strong></span> <span class='ocrx_word' id='word_1_91' title='bbox 1533 1430 1566 1474; x_wconf 88' lang='lat' dir='ltr'><strong>a.</strong></span> 
     </span>
     <span class='ocr_line' id='line_1_11' title="bbox 233 1509 1569 1603; baseline 0.003 -26"><span class='ocrx_word' id='word_1_92' title='bbox 233 1512 292 1579; x_wconf 87' lang='lat' dir='ltr'><strong>Ch.</strong></span> <span class='ocrx_word' id='word_1_93' title='bbox 316 1514 486 1577; x_wconf 83' lang='lat' dir='ltr'><strong>Vocantur</strong></span> <span class='ocrx_word' id='word_1_94' title='bbox 505 1532 526 1577; x_wconf 92' lang='lat' dir='ltr'><strong>a</strong></span> <span class='ocrx_word' id='word_1_95' title='bbox 544 1510 689 1599; x_wconf 87' lang='lat' dir='ltr'><strong>losepho</strong></span> <span class='ocrx_word' id='word_1_96' title='bbox 711 1510 793 1575; x_wconf 89' lang='lat' dir='ltr'><strong>anni</strong></span> <span class='ocrx_word' id='word_1_97' title='bbox 813 1509 915 1596; x_wconf 90' lang='lat' dir='ltr'><strong>regni</strong></span> <span class='ocrx_word' id='word_1_98' title='bbox 934 1510 1171 1599; x_wconf 65' lang='lat' dir='ltr'><strong>Assyriorum</strong></span> <span class='ocrx_word' id='word_1_99' title='bbox 1192 1533 1313 1580; x_wconf 90' lang='lat' dir='ltr'><strong>eorum</strong></span> <span class='ocrx_word' id='word_1_100' title='bbox 1333 1512 1470 1579; x_wconf 90' lang='lat' dir='ltr'><strong>initium</strong></span> <span class='ocrx_word' id='word_1_101' title='bbox 1495 1513 1569 1603; x_wconf 93' lang='lat' dir='ltr'><strong>ipse</strong></span> 
     </span>
     <span class='ocr_line' id='line_1_12' title="bbox 233 1615 1571 1707; baseline 0.001 -22"><span class='ocrx_word' id='word_1_102' title='bbox 233 1639 372 1707; x_wconf 90' lang='lat' dir='ltr'><strong>quoque</strong></span> <span class='ocrx_word' id='word_1_103' title='bbox 388 1618 563 1704; x_wconf 83' lang='lat' dir='ltr'><strong>assignat:</strong></span> <span class='ocrx_word' id='word_1_104' title='bbox 586 1638 626 1682; x_wconf 86' lang='lat' dir='ltr'><strong>ex</strong></span> <span class='ocrx_word' id='word_1_105' title='bbox 647 1636 717 1706; x_wconf 92' lang='lat' dir='ltr'><strong>quo</strong></span> <span class='ocrx_word' id='word_1_106' title='bbox 736 1615 836 1705; x_wconf 79' lang='lat' dir='ltr'><strong>Syria</strong></span> <span class='ocrx_word' id='word_1_107' title='bbox 854 1618 984 1706; x_wconf 91' lang='lat' dir='ltr'><strong>potitus</strong></span> <span class='ocrx_word' id='word_1_108' title='bbox 1003 1623 1051 1684; x_wconf 92' lang='lat' dir='ltr'><strong>est</strong></span> <span class='ocrx_word' id='word_1_109' title='bbox 1073 1617 1234 1685; x_wconf 86' lang='lat' dir='ltr'><strong>Seleucus</strong></span> <span class='ocrx_word' id='word_1_110' title='bbox 1252 1619 1461 1705; x_wconf 82' lang='lat' dir='ltr'><strong>cognomine</strong></span> <span class='ocrx_word' id='word_1_111' title='bbox 1475 1622 1571 1686; x_wconf 91' lang='lat' dir='ltr'><strong>Nica-</strong></span> 
     </span>
     <span class='ocr_line' id='line_1_13' title="bbox 231 1722 1572 1815; baseline 0.001 -25"><span class='ocrx_word' id='word_1_112' title='bbox 231 1730 285 1791; x_wconf 87' lang='lat' dir='ltr'><strong>tor</strong></span> <span class='ocrx_word' id='word_1_113' title='bbox 304 1724 394 1813; x_wconf 90' lang='lat' dir='ltr'><strong>(Ant.</strong></span> <span class='ocrx_word' id='word_1_114' title='bbox 419 1729 509 1806; x_wconf 86' lang='grc'>13,6.</span> <span class='ocrx_word' id='word_1_115' title='bbox 535 1724 581 1809; x_wconf 82' lang='grc'><strong>7).</strong></span> <span class='ocrx_word' id='word_1_116' title='bbox 602 1722 682 1790; x_wconf 88' lang='lat' dir='ltr'><strong>Eius</strong></span> <span class='ocrx_word' id='word_1_117' title='bbox 705 1723 834 1813; x_wconf 92' lang='lat' dir='ltr'><strong>quippe</strong></span> <span class='ocrx_word' id='word_1_118' title='bbox 855 1723 994 1789; x_wconf 92' lang='lat' dir='ltr'><strong>initium</strong></span> <span class='ocrx_word' id='word_1_119' title='bbox 1014 1726 1165 1791; x_wconf 91' lang='lat' dir='ltr'><strong>sumitur</strong></span> <span class='ocrx_word' id='word_1_120' title='bbox 1184 1724 1364 1792; x_wconf 87' lang='lat' dir='ltr'><strong>avictoria</strong></span> <span class='ocrx_word' id='word_1_121' title='bbox 1383 1747 1487 1815; x_wconf 92' lang='lat' dir='ltr'><strong>quam</strong></span> <span class='ocrx_word' id='word_1_122' title='bbox 1511 1730 1572 1793; x_wconf 91' lang='lat' dir='ltr'><strong>Se-</strong></span> 
     </span>
     <span class='ocr_line' id='line_1_14' title="bbox 233 1827 1572 1918; baseline 0.003 -22"><span class='ocrx_word' id='word_1_123' title='bbox 233 1830 352 1897; x_wconf 87' lang='lat' dir='ltr'><strong>leucus</strong></span> <span class='ocrx_word' id='word_1_124' title='bbox 372 1832 508 1898; x_wconf 86' lang='lat' dir='ltr'><strong>Nicator</strong></span> <span class='ocrx_word' id='word_1_125' title='bbox 533 1830 725 1918; x_wconf 89' lang='lat' dir='ltr'><strong>reportarit</strong></span> <span class='ocrx_word' id='word_1_126' title='bbox 747 1827 793 1897; x_wconf 90' lang='lat' dir='ltr'><strong>de</strong></span> <span class='ocrx_word' id='word_1_127' title='bbox 815 1828 994 1911; x_wconf 85' lang='lat' dir='ltr'><strong>Nicanore,</strong></span> <span class='ocrx_word' id='word_1_128' title='bbox 1020 1829 1106 1897; x_wconf 89' lang='lat' dir='ltr'><strong>duce</strong></span> <span class='ocrx_word' id='word_1_129' title='bbox 1128 1830 1304 1917; x_wconf 79' lang='lat' dir='ltr'><strong>Antigoni,</strong></span> <span class='ocrx_word' id='word_1_130' title='bbox 1329 1830 1387 1898; x_wconf 93' lang='lat' dir='ltr'><strong>cui</strong></span> <span class='ocrx_word' id='word_1_131' title='bbox 1407 1832 1572 1900; x_wconf 91' lang='lat' dir='ltr'><strong>victoriae</strong></span> 
     </span>
     <span class='ocr_line' id='line_1_15' title="bbox 233 1935 1574 2027; baseline 0.001 -22"><span class='ocrx_word' id='word_1_132' title='bbox 233 1942 410 2026; x_wconf 88' lang='lat' dir='ltr'><strong>acceptum</strong></span> <span class='ocrx_word' id='word_1_133' title='bbox 429 1938 581 2003; x_wconf 81' lang='lat' dir='ltr'><strong>refertur</strong></span> <span class='ocrx_word' id='word_1_134' title='bbox 594 1956 743 2021; x_wconf 91' lang='lat' dir='ltr'><strong>regnum</strong></span> <span class='ocrx_word' id='word_1_135' title='bbox 761 1935 1030 2003; x_wconf 88' lang='lat' dir='ltr'><strong>Seleucidarum.</strong></span> <span class='ocrx_word' id='word_1_136' title='bbox 1049 1939 1141 2004; x_wconf 88' lang='lat' dir='ltr'><strong>Hanc</strong></span> <span class='ocrx_word' id='word_1_137' title='bbox 1159 1936 1325 2027; x_wconf 91' lang='lat' dir='ltr'><strong>temporis</strong></span> <span class='ocrx_word' id='word_1_138' title='bbox 1343 1939 1574 2027; x_wconf 86' lang='lat' dir='ltr'><strong>computatio-</strong></span> 
     </span>
     <span class='ocr_line' id='line_1_16' title="bbox 233 2042 1573 2134; baseline 0.001 -24"><span class='ocrx_word' id='word_1_139' title='bbox 233 2066 313 2110; x_wconf 90' lang='lat' dir='ltr'><strong>nem</strong></span> <span class='ocrx_word' id='word_1_140' title='bbox 326 2044 430 2111; x_wconf 91' lang='lat' dir='ltr'><strong>etiam</strong></span> <span class='ocrx_word' id='word_1_141' title='bbox 441 2065 537 2111; x_wconf 88' lang='lat' dir='ltr'><strong>sacer</strong></span> <span class='ocrx_word' id='word_1_142' title='bbox 549 2046 670 2110; x_wconf 89' lang='lat' dir='ltr'><strong>auctor</strong></span> <span class='ocrx_word' id='word_1_143' title='bbox 683 2042 849 2131; x_wconf 92' lang='lat' dir='ltr'><strong>sequitur.</strong></span> <span class='ocrx_word' id='word_1_144' title='bbox 866 2042 982 2109; x_wconf 91' lang='lat' dir='ltr'><strong>Solum</strong></span> <span class='ocrx_word' id='word_1_145' title='bbox 1000 2043 1180 2132; x_wconf 87' lang='lat' dir='ltr'><strong>quaeritur</strong></span> <span class='ocrx_word' id='word_1_146' title='bbox 1191 2045 1421 2134; x_wconf 84' lang='lat' dir='ltr'><strong>sumpseritne</strong></span> <span class='ocrx_word' id='word_1_147' title='bbox 1436 2044 1573 2112; x_wconf 92' lang='lat' dir='ltr'><strong>initium</strong></span> 
     </span>
     <span class='ocr_line' id='line_1_17' title="bbox 233 2132 1573 2241; baseline 0.001 -24"><span class='ocrx_word' id='word_1_148' title='bbox 233 2151 313 2217; x_wconf 91' lang='lat' dir='ltr'><strong>anni</strong></span> <span class='ocrx_word' id='word_1_149' title='bbox 337 2150 381 2217; x_wconf 87' lang='lat' dir='ltr'><strong>ab</strong></span> <span class='ocrx_word' id='word_1_150' title='bbox 400 2154 568 2218; x_wconf 89' lang='lat' dir='ltr'><strong>autumno</strong></span> <span class='ocrx_word' id='word_1_151' title='bbox 583 2149 606 2216; x_wconf 92' lang='lat' dir='ltr'><strong>i.</strong></span> <span class='ocrx_word' id='word_1_152' title='bbox 624 2172 655 2216; x_wconf 91' lang='lat' dir='ltr'><strong>e.</strong></span> <span class='ocrx_word' id='word_1_153' title='bbox 673 2150 822 2238; x_wconf 92' lang='lat' dir='ltr'><strong>aprima</strong></span> <span class='ocrx_word' id='word_1_154' title='bbox 841 2148 898 2216; x_wconf 92' lang='lat' dir='ltr'><strong>die</strong></span> <span class='ocrx_word' id='word_1_155' title='bbox 920 2149 1047 2216; x_wconf 90' lang='lat' dir='ltr'><strong>mensis</strong></span> <span class='ocrx_word' id='word_1_156' title='bbox 1067 2149 1198 2234; x_wconf 92' lang='lat' dir='ltr'><strong>tischri,</strong></span> <span class='ocrx_word' id='word_1_157' title='bbox 1216 2171 1259 2217; x_wconf 91' lang='lat' dir='ltr'><strong>an</strong></span> <span class='ocrx_word' id='word_1_158' title='bbox 1282 2173 1302 2217; x_wconf 91' lang='lat' dir='ltr'><strong>a</strong></span> <span class='ocrx_word' id='word_1_159' title='bbox 1323 2172 1404 2218; x_wconf 85' lang='lat' dir='ltr'><strong>vere</strong></span> <span class='ocrx_word' id='word_1_160' title='bbox 1422 2172 1443 2218; x_wconf 92' lang='lat' dir='ltr'><strong>a</strong></span> <span class='ocrx_word' id='word_1_161' title='bbox 1459 2132 1573 2241; x_wconf 82' lang='lat' dir='ltr'><strong>prima</strong></span> 
     </span>
     <span class='ocr_line' id='line_1_18' title="bbox 233 2255 1571 2346; baseline 0.001 -23"><span class='ocrx_word' id='word_1_162' title='bbox 233 2257 344 2324; x_wconf 91' lang='lat' dir='ltr'><strong>nisan.</strong></span> <span class='ocrx_word' id='word_1_163' title='bbox 366 2262 453 2324; x_wconf 90' lang='lat' dir='ltr'><strong>Aera</strong></span> <span class='ocrx_word' id='word_1_164' title='bbox 477 2256 619 2346; x_wconf 92' lang='lat' dir='ltr'><strong>quidem</strong></span> <span class='ocrx_word' id='word_1_165' title='bbox 643 2255 900 2323; x_wconf 90' lang='lat' dir='ltr'><strong>Seleucidarum</strong></span> <span class='ocrx_word' id='word_1_166' title='bbox 924 2256 969 2323; x_wconf 90' lang='lat' dir='ltr'><strong>ab</strong></span> <span class='ocrx_word' id='word_1_167' title='bbox 994 2263 1161 2323; x_wconf 87' lang='lat' dir='ltr'><strong>autumno</strong></span> <span class='ocrx_word' id='word_1_168' title='bbox 1188 2262 1424 2346; x_wconf 86' lang='lat' dir='ltr'><strong>computatur;</strong></span> <span class='ocrx_word' id='word_1_169' title='bbox 1450 2280 1571 2327; x_wconf 91' lang='lat' dir='ltr'><strong>verum</strong></span> 
     </span>
     <span class='ocr_line' id='line_1_19' title="bbox 234 2362 1572 2451; baseline -0.001 -20"><span class='ocrx_word' id='word_1_170' title='bbox 234 2373 411 2431; x_wconf 91' lang='lat' dir='ltr'><strong>auctorem</strong></span> <span class='ocrx_word' id='word_1_171' title='bbox 431 2367 587 2430; x_wconf 88' lang='lat' dir='ltr'><strong>nostrum</strong></span> <span class='ocrx_word' id='word_1_172' title='bbox 606 2384 720 2429; x_wconf 89' lang='lat' dir='ltr'><strong>avere</strong></span> <span class='ocrx_word' id='word_1_173' title='bbox 735 2362 899 2451; x_wconf 88' lang='lat' dir='ltr'><strong>incipere,</strong></span> <span class='ocrx_word' id='word_1_174' title='bbox 915 2362 1082 2451; x_wconf 89' lang='lat' dir='ltr'><strong>probasse</strong></span> <span class='ocrx_word' id='word_1_175' title='bbox 1102 2363 1243 2430; x_wconf 92' lang='lat' dir='ltr'><strong>omnino</strong></span> <span class='ocrx_word' id='word_1_176' title='bbox 1265 2363 1402 2432; x_wconf 90' lang='lat' dir='ltr'><strong>videtur</strong></span> <span class='ocrx_word' id='word_1_177' title='bbox 1422 2363 1572 2433; x_wconf 73' lang='lat' dir='ltr'><strong>Schelrer</strong></span> 
     </span>
     <span class='ocr_line' id='line_1_20' title="bbox 234 2467 1569 2560; baseline 0.001 -23"><span class='ocrx_word' id='word_1_178' title='bbox 234 2470 450 2559; x_wconf 84' lang='lat' dir='ltr'><strong>(Geschichte</strong></span> <span class='ocrx_word' id='word_1_179' title='bbox 465 2468 525 2537; x_wconf 89' lang='lat' dir='ltr'><strong>das</strong></span> <span class='ocrx_word' id='word_1_180' title='bbox 543 2468 729 2557; x_wconf 80' lang='lat' dir='ltr'><strong>jndisehen</strong></span> <span class='ocrx_word' id='word_1_181' title='bbox 745 2467 867 2535; x_wconf 83' lang='lat' dir='ltr'><strong>Volkes</strong></span> <span class='ocrx_word' id='word_1_182' title='bbox 882 2468 930 2534; x_wconf 92' lang='lat' dir='ltr'><strong>im</strong></span> <span class='ocrx_word' id='word_1_183' title='bbox 945 2468 1102 2535; x_wconf 89' lang='lat' dir='ltr'><strong>Zeitalter</strong></span> <span class='ocrx_word' id='word_1_184' title='bbox 1115 2472 1193 2537; x_wconf 88' lang='lat' dir='ltr'><strong>Jesu</strong></span> <span class='ocrx_word' id='word_1_185' title='bbox 1213 2476 1245 2537; x_wconf 86' lang='lat'><strong>3.</strong></span> <span class='ocrx_word' id='word_1_186' title='bbox 1262 2469 1318 2538; x_wconf 91' lang='lat' dir='ltr'><strong>ed.</strong></span> <span class='ocrx_word' id='word_1_187' title='bbox 1342 2476 1400 2560; x_wconf 88' lang='lat' dir='ltr'><strong>lp.</strong></span> <span class='ocrx_word' id='word_1_188' title='bbox 1419 2478 1460 2537; x_wconf 76' lang='grc'>31</span> <span class='ocrx_word' id='word_1_189' title='bbox 1480 2470 1569 2559; x_wconf 92' lang='lat' dir='ltr'><strong>seq.)</strong></span> 
     </span>
     <span class='ocr_line' id='line_1_21' title="bbox 215 2574 1566 2666; baseline -0.003 -21"><span class='ocrx_word' id='word_1_190' title='bbox 215 2575 278 2645; x_wconf 76' lang='grc' dir='ltr'><strong>ὀᾶ</strong></span> <span class='ocrx_word' id='word_1_191' title='bbox 294 2598 395 2666; x_wconf 88' lang='lat' dir='ltr'><strong>quem</strong></span> <span class='ocrx_word' id='word_1_192' title='bbox 412 2578 467 2643; x_wconf 80' lang='lat' dir='ltr'><strong>Ka.</strong></span> <span class='ocrx_word' id='word_1_193' title='bbox 486 2596 624 2666; x_wconf 91' lang='lat' dir='ltr'><strong>quoque</strong></span> <span class='ocrx_word' id='word_1_194' title='bbox 638 2597 702 2664; x_wconf 91' lang='lat' dir='ltr'><strong>pro</strong></span> <span class='ocrx_word' id='word_1_195' title='bbox 718 2596 758 2641; x_wconf 89' lang='lat' dir='ltr'><strong>ea</strong></span> <span class='ocrx_word' id='word_1_196' title='bbox 779 2574 952 2642; x_wconf 89' lang='lat' dir='ltr'><strong>sententia</strong></span> <span class='ocrx_word' id='word_1_197' title='bbox 968 2582 1144 2663; x_wconf 90' lang='lat' dir='ltr'><strong>provocat.</strong></span> <span class='ocrx_word' id='word_1_198' title='bbox 1164 2574 1247 2641; x_wconf 85' lang='lat' dir='ltr'><strong>Vide</strong></span> <span class='ocrx_word' id='word_1_199' title='bbox 1262 2576 1304 2641; x_wconf 91' lang='lat' dir='ltr'><strong>ad</strong></span> <span class='ocrx_word' id='word_1_200' title='bbox 1325 2581 1340 2641; x_wconf 91' lang='lat'>1</span> <span class='ocrx_word' id='word_1_201' title='bbox 1364 2577 1472 2645; x_wconf 86' lang='lat' dir='ltr'><strong>llach.</strong></span> <span class='ocrx_word' id='word_1_202' title='bbox 1492 2582 1566 2658; x_wconf 82' lang='lat'><strong>7,1;</strong></span> 
     </span>
     <span class='ocr_line' id='line_1_22' title="bbox 235 2679 1570 2772; baseline -0.001 -21"><span class='ocrx_word' id='word_1_203' title='bbox 235 2689 332 2766; x_wconf 88' lang='lat'><strong>10,1;</strong></span> <span class='ocrx_word' id='word_1_204' title='bbox 359 2683 574 2772; x_wconf 88' lang='lat' dir='ltr'><strong>eandemque</strong></span> <span class='ocrx_word' id='word_1_205' title='bbox 588 2680 793 2748; x_wconf 90' lang='lat' dir='ltr'><strong>sententiam</strong></span> <span class='ocrx_word' id='word_1_206' title='bbox 816 2686 918 2748; x_wconf 88' lang='lat' dir='ltr'><strong>antea</strong></span> <span class='ocrx_word' id='word_1_207' title='bbox 931 2680 1001 2747; x_wconf 89' lang='lat' dir='ltr'><strong>iam</strong></span> <span class='ocrx_word' id='word_1_208' title='bbox 1023 2679 1184 2770; x_wconf 88' lang='lat' dir='ltr'><strong>pluribus</strong></span> <span class='ocrx_word' id='word_1_209' title='bbox 1207 2682 1441 2771; x_wconf 85' lang='lat' dir='ltr'><strong>propugnavit</strong></span> <span class='ocrx_word' id='word_1_210' title='bbox 1457 2682 1570 2749; x_wconf 80' lang='lat' dir='ltr'><strong>Patri·</strong></span> 
     </span>
     <span class='ocr_line' id='line_1_23' title="bbox 234 2786 1517 2877; baseline -0.002 -20"><span class='ocrx_word' id='word_1_211' title='bbox 234 2790 301 2857; x_wconf 79' lang='lat' dir='ltr'><strong>tius</strong></span> <span class='ocrx_word' id='word_1_212' title='bbox 318 2791 376 2877; x_wconf 81' lang='lat' dir='ltr'><strong>(lle</strong></span> <span class='ocrx_word' id='word_1_213' title='bbox 392 2810 556 2857; x_wconf 89' lang='lat' dir='ltr'><strong>consensu</strong></span> <span class='ocrx_word' id='word_1_214' title='bbox 572 2787 752 2877; x_wconf 89' lang='lat' dir='ltr'><strong>utriusque</strong></span> <span class='ocrx_word' id='word_1_215' title='bbox 766 2788 789 2854; x_wconf 90' lang='lat' dir='ltr'><strong>l.</strong></span> <span class='ocrx_word' id='word_1_216' title='bbox 806 2788 913 2854; x_wconf 85' lang='lat' dir='ltr'><strong>llaeh.</strong></span> <span class='ocrx_word' id='word_1_217' title='bbox 932 2809 969 2875; x_wconf 93' lang='lat' dir='ltr'><strong>p.</strong></span> <span class='ocrx_word' id='word_1_218' title='bbox 988 2786 1118 2875; x_wconf 78' lang='grc'>33-11),</span> <span class='ocrx_word' id='word_1_219' title='bbox 1137 2792 1171 2853; x_wconf 90' lang='lat' dir='ltr'><strong>et</strong></span> <span class='ocrx_word' id='word_1_220' title='bbox 1184 2789 1358 2856; x_wconf 86' lang='lat' dir='ltr'><strong>consentit</strong></span> <span class='ocrx_word' id='word_1_221' title='bbox 1372 2788 1517 2856; x_wconf 77' lang='lat' dir='ltr'><strong>Fillioa.</strong></span> 
     </span>
    </p>

    <p class='ocr_par' dir='ltr' id='par_1_4' title="bbox 233 2892 1578 4910">
     <span class='ocr_line' id='line_1_24' title="bbox 280 2892 1569 2986; baseline -0.003 -19"><span class='ocrx_word' id='word_1_222' title='bbox 280 2896 484 2986; x_wconf 84' lang='lat' dir='ltr'><strong>Respublica</strong></span> <span class='ocrx_word' id='word_1_223' title='bbox 507 2893 645 2963; x_wconf 91' lang='lat' dir='ltr'><strong>iudaica</strong></span> <span class='ocrx_word' id='word_1_224' title='bbox 668 2893 853 2962; x_wconf 86' lang='lat' dir='ltr'><strong>constituta</strong></span> <span class='ocrx_word' id='word_1_225' title='bbox 878 2892 945 2962; x_wconf 91' lang='lat' dir='ltr'><strong>sub</strong></span> <span class='ocrx_word' id='word_1_226' title='bbox 969 2893 1133 2984; x_wconf 87' lang='lat' dir='ltr'><strong>pontifice</strong></span> <span class='ocrx_word' id='word_1_227' title='bbox 1160 2901 1194 2961; x_wconf 92' lang='lat' dir='ltr'><strong>et</strong></span> <span class='ocrx_word' id='word_1_228' title='bbox 1220 2895 1389 2977; x_wconf 86' lang='lat' dir='ltr'><strong>subiecta,</strong></span> <span class='ocrx_word' id='word_1_229' title='bbox 1416 2905 1455 2964; x_wconf 85' lang='lat' dir='ltr'><strong>ut</strong></span> <span class='ocrx_word' id='word_1_230' title='bbox 1485 2894 1569 2965; x_wconf 93' lang='lat' dir='ltr'><strong>olim</strong></span> 
     </span>
     <span class='ocr_line' id='line_1_25' title="bbox 236 2998 1571 3089; baseline -0.001 -18"><span class='ocrx_word' id='word_1_231' title='bbox 236 3004 355 3086; x_wconf 85' lang='lat' dir='ltr'><strong>Persis,</strong></span> <span class='ocrx_word' id='word_1_232' title='bbox 380 3002 430 3069; x_wconf 92' lang='lat' dir='ltr'><strong>ita</strong></span> <span class='ocrx_word' id='word_1_233' title='bbox 456 3002 559 3068; x_wconf 91' lang='lat' dir='ltr'><strong>modo</strong></span> <span class='ocrx_word' id='word_1_234' title='bbox 583 3022 692 3088; x_wconf 90' lang='lat' dir='ltr'><strong>regno</strong></span> <span class='ocrx_word' id='word_1_235' title='bbox 720 2998 996 3085; x_wconf 86' lang='lat' dir='ltr'><strong>Seleucidarum,</strong></span> <span class='ocrx_word' id='word_1_236' title='bbox 1020 3001 1122 3067; x_wconf 84' lang='lat' dir='ltr'><strong>arctis</strong></span> <span class='ocrx_word' id='word_1_237' title='bbox 1147 2999 1316 3069; x_wconf 88' lang='lat' dir='ltr'><strong>limitibus</strong></span> <span class='ocrx_word' id='word_1_238' title='bbox 1342 3001 1494 3089; x_wconf 87' lang='lat' dir='ltr'><strong>regionis</strong></span> <span class='ocrx_word' id='word_1_239' title='bbox 1517 3008 1571 3069; x_wconf 92' lang='lat' dir='ltr'><strong>lu-</strong></span> 
     </span>
     <span class='ocr_line' id='line_1_26' title="bbox 234 3106 1572 3198; baseline -0.001 -21"><span class='ocrx_word' id='word_1_240' title='bbox 234 3108 341 3178; x_wconf 90' lang='lat' dir='ltr'><strong>daeae</strong></span> <span class='ocrx_word' id='word_1_241' title='bbox 364 3110 435 3177; x_wconf 85' lang='lat' dir='ltr'><strong>lere</strong></span> <span class='ocrx_word' id='word_1_242' title='bbox 456 3108 739 3177; x_wconf 87' lang='lat' dir='ltr'><strong>concludebatur.</strong></span> <span class='ocrx_word' id='word_1_243' title='bbox 765 3106 817 3175; x_wconf 95' lang='lat' dir='ltr'><strong>Ad</strong></span> <span class='ocrx_word' id='word_1_244' title='bbox 843 3128 919 3174; x_wconf 87' lang='lat' dir='ltr'><strong>eam</strong></span> <span class='ocrx_word' id='word_1_245' title='bbox 944 3129 1015 3174; x_wconf 91' lang='lat' dir='ltr'><strong>non</strong></span> <span class='ocrx_word' id='word_1_246' title='bbox 1042 3107 1240 3198; x_wconf 89' lang='lat' dir='ltr'><strong>pertinebat</strong></span> <span class='ocrx_word' id='word_1_247' title='bbox 1263 3110 1435 3192; x_wconf 89' lang='lat' dir='ltr'><strong>Samaria,</strong></span> <span class='ocrx_word' id='word_1_248' title='bbox 1459 3130 1572 3198; x_wconf 89' lang='lat' dir='ltr'><strong>neque</strong></span> 
     </span>
     <span class='ocr_line' id='line_1_27' title="bbox 236 3213 1572 3303; baseline -0.002 -19"><span class='ocrx_word' id='word_1_249' title='bbox 236 3216 339 3284; x_wconf 85' lang='lat' dir='ltr'><strong>urbes</strong></span> <span class='ocrx_word' id='word_1_250' title='bbox 356 3216 539 3296; x_wconf 86' lang='lat' dir='ltr'><strong>littorales;</strong></span> <span class='ocrx_word' id='word_1_251' title='bbox 561 3216 596 3283; x_wconf 91' lang='lat' dir='ltr'><strong>in</strong></span> <span class='ocrx_word' id='word_1_252' title='bbox 614 3213 740 3303; x_wconf 92' lang='lat' dir='ltr'><strong>quibus</strong></span> <span class='ocrx_word' id='word_1_253' title='bbox 758 3213 967 3303; x_wconf 89' lang='lat' dir='ltr'><strong>plerumque</strong></span> <span class='ocrx_word' id='word_1_254' title='bbox 983 3213 1204 3300; x_wconf 87' lang='lat' dir='ltr'><strong>alienigenae</strong></span> <span class='ocrx_word' id='word_1_255' title='bbox 1219 3213 1437 3282; x_wconf 87' lang='lat' dir='ltr'><strong>habitabant.</strong></span> <span class='ocrx_word' id='word_1_256' title='bbox 1453 3220 1489 3280; x_wconf 93' lang='lat' dir='ltr'><strong>ln</strong></span> <span class='ocrx_word' id='word_1_257' title='bbox 1512 3220 1572 3282; x_wconf 90' lang='lat' dir='ltr'><strong>Pa·</strong></span> 
     </span>
     <span class='ocr_line' id='line_1_28' title="bbox 235 3318 1571 3407; baseline -0.001 -17"><span class='ocrx_word' id='word_1_258' title='bbox 235 3322 379 3391; x_wconf 88' lang='lat' dir='ltr'><strong>laestina</strong></span> <span class='ocrx_word' id='word_1_259' title='bbox 394 3328 444 3390; x_wconf 89' lang='lat' dir='ltr'><strong>sat</strong></span> <span class='ocrx_word' id='word_1_260' title='bbox 460 3323 587 3389; x_wconf 87' lang='lat' dir='ltr'><strong>multae</strong></span> <span class='ocrx_word' id='word_1_261' title='bbox 610 3325 709 3389; x_wconf 87' lang='lat' dir='ltr'><strong>crant</strong></span> <span class='ocrx_word' id='word_1_262' title='bbox 728 3320 883 3387; x_wconf 89' lang='lat' dir='ltr'><strong>civitates</strong></span> <span class='ocrx_word' id='word_1_263' title='bbox 896 3342 957 3387; x_wconf 93' lang='lat' dir='ltr'><strong>seu</strong></span> <span class='ocrx_word' id='word_1_264' title='bbox 974 3318 1127 3387; x_wconf 89' lang='lat' dir='ltr'><strong>coloniae</strong></span> <span class='ocrx_word' id='word_1_265' title='bbox 1145 3341 1289 3407; x_wconf 86' lang='lat' dir='ltr'><strong>graecae</strong></span> <span class='ocrx_word' id='word_1_266' title='bbox 1305 3328 1340 3387; x_wconf 94' lang='lat' dir='ltr'><strong>et</strong></span> <span class='ocrx_word' id='word_1_267' title='bbox 1357 3326 1377 3385; x_wconf 75' lang='lat'><strong>2</strong></span> <span class='ocrx_word' id='word_1_268' title='bbox 1393 3321 1498 3388; x_wconf 90' lang='lat' dir='ltr'><strong>llach.</strong></span> <span class='ocrx_word' id='word_1_269' title='bbox 1514 3327 1571 3403; x_wconf 85' lang='lat'><strong>6,8</strong></span> 
     </span>
     <span class='ocr_line' id='line_1_29' title="bbox 233 3426 1572 3515; baseline -0.004 -17"><span class='ocrx_word' id='word_1_270' title='bbox 233 3430 457 3499; x_wconf 89' lang='lat' dir='ltr'><strong>nominantur</strong></span> <span class='ocrx_word' id='word_1_271' title='bbox 474 3436 579 3511; x_wconf 70' lang='grc' dir='ltr'>πόλεις</span> <span class='ocrx_word' id='word_1_272' title='bbox 598 3429 784 3511; x_wconf 79' lang='grc' dir='ltr'>Ἑλληνίδες</span> <span class='ocrx_word' id='word_1_273' title='bbox 804 3427 841 3495; x_wconf 91' lang='lat' dir='ltr'><strong>in</strong></span> <span class='ocrx_word' id='word_1_274' title='bbox 861 3426 974 3494; x_wconf 86' lang='lat' dir='ltr'><strong>vicina</strong></span> <span class='ocrx_word' id='word_1_275' title='bbox 994 3426 1142 3493; x_wconf 86' lang='lat' dir='ltr'><strong>Iudaeae</strong></span> <span class='ocrx_word' id='word_1_276' title='bbox 1166 3426 1321 3513; x_wconf 85' lang='lat' dir='ltr'><strong>regione.</strong></span> <span class='ocrx_word' id='word_1_277' title='bbox 1337 3432 1438 3494; x_wconf 85' lang='lat' dir='ltr'><strong>Extra</strong></span> <span class='ocrx_word' id='word_1_278' title='bbox 1459 3426 1572 3515; x_wconf 89' lang='lat' dir='ltr'><strong>ipsam</strong></span> 
     </span>
     <span class='ocr_line' id='line_1_30' title="bbox 234 3532 1572 3620; baseline -0.003 -17"><span class='ocrx_word' id='word_1_279' title='bbox 234 3539 397 3606; x_wconf 91' lang='lat' dir='ltr'><strong>ludaeam</strong></span> <span class='ocrx_word' id='word_1_280' title='bbox 413 3543 464 3604; x_wconf 90' lang='lat' dir='ltr'><strong>sat</strong></span> <span class='ocrx_word' id='word_1_281' title='bbox 479 3536 580 3604; x_wconf 89' lang='lat' dir='ltr'><strong>multi</strong></span> <span class='ocrx_word' id='word_1_282' title='bbox 593 3534 710 3602; x_wconf 88' lang='lat' dir='ltr'><strong>ludaei</strong></span> <span class='ocrx_word' id='word_1_283' title='bbox 726 3532 934 3604; x_wconf 90' lang='lat' dir='ltr'><strong>habitabant</strong></span> <span class='ocrx_word' id='word_1_284' title='bbox 952 3533 989 3599; x_wconf 94' lang='lat' dir='ltr'><strong>in</strong></span> <span class='ocrx_word' id='word_1_285' title='bbox 1008 3532 1175 3615; x_wconf 86' lang='lat' dir='ltr'><strong>Galilaea,</strong></span> <span class='ocrx_word' id='word_1_286' title='bbox 1194 3534 1360 3615; x_wconf 87' lang='lat' dir='ltr'><strong>Samaria,</strong></span> <span class='ocrx_word' id='word_1_287' title='bbox 1377 3534 1415 3600; x_wconf 93' lang='lat' dir='ltr'><strong>in</strong></span> <span class='ocrx_word' id='word_1_288' title='bbox 1430 3534 1572 3620; x_wconf 87' lang='lat' dir='ltr'><strong>regione</strong></span> 
     </span>
     <span class='ocr_line' id='line_1_31' title="bbox 237 3638 1572 3729; baseline -0.001 -21"><span class='ocrx_word' id='word_1_289' title='bbox 237 3642 522 3726; x_wconf 84' lang='lat' dir='ltr'><strong>transiordanica,</strong></span> <span class='ocrx_word' id='word_1_290' title='bbox 537 3642 671 3709; x_wconf 88' lang='lat' dir='ltr'><strong>Graecis</strong></span> <span class='ocrx_word' id='word_1_291' title='bbox 686 3640 885 3708; x_wconf 84' lang='lat' dir='ltr'><strong>intermixti.</strong></span> <span class='ocrx_word' id='word_1_292' title='bbox 903 3638 998 3707; x_wconf 89' lang='lat' dir='ltr'><strong>Unde</strong></span> <span class='ocrx_word' id='word_1_293' title='bbox 1014 3639 1129 3705; x_wconf 90' lang='lat' dir='ltr'><strong>ludaei</strong></span> <span class='ocrx_word' id='word_1_294' title='bbox 1144 3661 1283 3729; x_wconf 92' lang='lat' dir='ltr'><strong>quoque</strong></span> <span class='ocrx_word' id='word_1_295' title='bbox 1298 3661 1410 3707; x_wconf 92' lang='lat' dir='ltr'><strong>mores</strong></span> <span class='ocrx_word' id='word_1_296' title='bbox 1429 3644 1572 3707; x_wconf 90' lang='lat' dir='ltr'><strong>Graeco-</strong></span> 
     </span>
     <span class='ocr_line' id='line_1_32' title="bbox 236 3746 1573 3838; baseline -0.003 -22"><span class='ocrx_word' id='word_1_297' title='bbox 236 3771 314 3819; x_wconf 90' lang='lat' dir='ltr'><strong>rum</strong></span> <span class='ocrx_word' id='word_1_298' title='bbox 336 3770 526 3838; x_wconf 92' lang='lat' dir='ltr'><strong>eorumque</strong></span> <span class='ocrx_word' id='word_1_299' title='bbox 547 3748 634 3816; x_wconf 89' lang='lat' dir='ltr'><strong>vitae</strong></span> <span class='ocrx_word' id='word_1_300' title='bbox 657 3746 813 3815; x_wconf 91' lang='lat' dir='ltr'><strong>instituta</strong></span> <span class='ocrx_word' id='word_1_301' title='bbox 835 3768 875 3813; x_wconf 85' lang='lat' dir='ltr'><strong>ex</strong></span> <span class='ocrx_word' id='word_1_302' title='bbox 899 3746 1147 3813; x_wconf 84' lang='lat' dir='ltr'><strong>consuetudine</strong></span> <span class='ocrx_word' id='word_1_303' title='bbox 1168 3750 1272 3833; x_wconf 86' lang='lat' dir='ltr'><strong>atque</strong></span> <span class='ocrx_word' id='word_1_304' title='bbox 1287 3746 1495 3813; x_wconf 91' lang='lat' dir='ltr'><strong>commercio</strong></span> <span class='ocrx_word' id='word_1_305' title='bbox 1514 3768 1573 3812; x_wconf 92' lang='lat' dir='ltr'><strong>no-</strong></span> 
     </span>
     <span class='ocr_line' id='line_1_33' title="bbox 234 3850 1574 3947; baseline -0.005 -23"><span class='ocrx_word' id='word_1_306' title='bbox 234 3878 328 3924; x_wconf 84' lang='lat' dir='ltr'><strong>scere</strong></span> <span class='ocrx_word' id='word_1_307' title='bbox 346 3854 572 3947; x_wconf 89' lang='lat' dir='ltr'><strong>incipiebant,</strong></span> <span class='ocrx_word' id='word_1_308' title='bbox 590 3860 633 3935; x_wconf 90' lang='lat' dir='ltr'><strong>et,</strong></span> <span class='ocrx_word' id='word_1_309' title='bbox 654 3859 691 3922; x_wconf 90' lang='lat' dir='ltr'><strong>ut</strong></span> <span class='ocrx_word' id='word_1_310' title='bbox 710 3854 788 3921; x_wconf 92' lang='lat' dir='ltr'><strong>fieri</strong></span> <span class='ocrx_word' id='word_1_311' title='bbox 810 3853 910 3936; x_wconf 87' lang='lat' dir='ltr'><strong>solet,</strong></span> <span class='ocrx_word' id='word_1_312' title='bbox 928 3873 1006 3918; x_wconf 82' lang='lat' dir='ltr'><strong>mox</strong></span> <span class='ocrx_word' id='word_1_313' title='bbox 1026 3850 1202 3941; x_wconf 89' lang='lat' dir='ltr'><strong>aliquibus</strong></span> <span class='ocrx_word' id='word_1_314' title='bbox 1220 3851 1351 3919; x_wconf 87' lang='lat' dir='ltr'><strong>cultum</strong></span> <span class='ocrx_word' id='word_1_315' title='bbox 1374 3850 1463 3919; x_wconf 91' lang='lat' dir='ltr'><strong>illud</strong></span> <span class='ocrx_word' id='word_1_316' title='bbox 1483 3852 1574 3918; x_wconf 88' lang='lat' dir='ltr'><strong>ritae</strong></span> 
     </span>
     <span class='ocr_line' id='line_1_34' title="bbox 235 3957 1572 4051; baseline -0.006 -20"><span class='ocrx_word' id='word_1_317' title='bbox 235 3986 345 4051; x_wconf 90' lang='lat' dir='ltr'><strong>genus</strong></span> <span class='ocrx_word' id='word_1_318' title='bbox 360 3962 485 4031; x_wconf 90' lang='lat' dir='ltr'><strong>arrisit.</strong></span> <span class='ocrx_word' id='word_1_319' title='bbox 504 3965 614 4039; x_wconf 78' lang='lat' dir='ltr'><strong>Quare</strong></span> <span class='ocrx_word' id='word_1_320' title='bbox 630 3985 662 4028; x_wconf 90' lang='lat' dir='ltr'><strong>v.</strong></span> <span class='ocrx_word' id='word_1_321' title='bbox 682 3967 722 4027; x_wconf 70' lang='lat'><strong>12</strong></span> <span class='ocrx_word' id='word_1_322' title='bbox 744 3962 779 4025; x_wconf 82' lang='lat' dir='ltr'><strong>in</strong></span> <span class='ocrx_word' id='word_1_323' title='bbox 794 3960 914 4027; x_wconf 83' lang='lat' dir='ltr'><strong>dicbus</strong></span> <span class='ocrx_word' id='word_1_324' title='bbox 933 3958 1004 4026; x_wconf 80' lang='lat' dir='ltr'><strong>illis</strong></span> <span class='ocrx_word' id='word_1_325' title='bbox 1019 3958 1179 4026; x_wconf 74' lang='lat' dir='ltr'><strong>exierunt</strong></span> <span class='ocrx_word' id='word_1_326' title='bbox 1190 3982 1233 4026; x_wconf 76' lang='lat' dir='ltr'><strong>ea</strong></span> <span class='ocrx_word' id='word_1_327' title='bbox 1247 3957 1355 4025; x_wconf 81' lang='lat' dir='ltr'><strong>lsrael</strong></span> <span class='ocrx_word' id='word_1_328' title='bbox 1365 3958 1433 4024; x_wconf 85' lang='lat' dir='ltr'><strong>oiri</strong></span> <span class='ocrx_word' id='word_1_329' title='bbox 1445 3957 1572 4049; x_wconf 80' lang='lat' dir='ltr'><strong>iniqui,</strong></span> 
     </span>
     <span class='ocr_line' id='line_1_35' title="bbox 235 4065 1577 4156; baseline -0.004 -19"><span class='ocrx_word' id='word_1_330' title='bbox 235 4071 375 4139; x_wconf 61' lang='lat' dir='ltr'><strong>illach.</strong></span> <span class='ocrx_word' id='word_1_331' title='bbox 394 4075 450 4150; x_wconf 58' lang='lat' dir='ltr'><strong>lar</strong></span> <span class='ocrx_word' id='word_1_332' title='bbox 468 4068 633 4137; x_wconf 90' lang='lat' dir='ltr'><strong>discimus</strong></span> <span class='ocrx_word' id='word_1_333' title='bbox 644 4067 682 4135; x_wconf 93' lang='lat' dir='ltr'><strong>id</strong></span> <span class='ocrx_word' id='word_1_334' title='bbox 696 4067 800 4135; x_wconf 85' lang='lat' dir='ltr'><strong>luisse</strong></span> <span class='ocrx_word' id='word_1_335' title='bbox 820 4066 922 4133; x_wconf 92' lang='lat' dir='ltr'><strong>initio</strong></span> <span class='ocrx_word' id='word_1_336' title='bbox 941 4066 1042 4153; x_wconf 91' lang='lat' dir='ltr'><strong>regni</strong></span> <span class='ocrx_word' id='word_1_337' title='bbox 1061 4065 1221 4133; x_wconf 91' lang='lat' dir='ltr'><strong>Antiochi</strong></span> <span class='ocrx_word' id='word_1_338' title='bbox 1243 4088 1435 4156; x_wconf 92' lang='lat' dir='ltr'><strong>eorumque</strong></span> <span class='ocrx_word' id='word_1_339' title='bbox 1449 4065 1577 4155; x_wconf 91' lang='lat' dir='ltr'><strong>princi-</strong></span> 
     </span>
     <span class='ocr_line' id='line_1_36' title="bbox 235 4171 1577 4267; baseline -0.006 -22"><span class='ocrx_word' id='word_1_340' title='bbox 235 4199 313 4267; x_wconf 92' lang='lat' dir='ltr'><strong>pem</strong></span> <span class='ocrx_word' id='word_1_341' title='bbox 337 4175 440 4245; x_wconf 86' lang='lat' dir='ltr'><strong>fuisse</strong></span> <span class='ocrx_word' id='word_1_342' title='bbox 462 4180 631 4257; x_wconf 86' lang='lat' dir='ltr'><strong>Iasonem,</strong></span> <span class='ocrx_word' id='word_1_343' title='bbox 654 4176 799 4241; x_wconf 82' lang='lat' dir='ltr'><strong>fratrem</strong></span> <span class='ocrx_word' id='word_1_344' title='bbox 822 4173 939 4239; x_wconf 86' lang='lat' dir='ltr'><strong>Ouiae.</strong></span> <span class='ocrx_word' id='word_1_345' title='bbox 959 4179 996 4239; x_wconf 92' lang='lat' dir='ltr'><strong>ln</strong></span> <span class='ocrx_word' id='word_1_346' title='bbox 1010 4171 1126 4239; x_wconf 91' lang='lat' dir='ltr'><strong>medio</strong></span> <span class='ocrx_word' id='word_1_347' title='bbox 1147 4172 1277 4262; x_wconf 93' lang='lat' dir='ltr'><strong>populo</strong></span> <span class='ocrx_word' id='word_1_348' title='bbox 1296 4173 1352 4239; x_wconf 84' lang='lat' dir='ltr'><strong>Dei</strong></span> <span class='ocrx_word' id='word_1_349' title='bbox 1375 4174 1577 4240; x_wconf 86' lang='lat' dir='ltr'><strong>exstiterunt</strong></span> 
     </span>
     <span class='ocr_line' id='line_1_37' title="bbox 236 4278 1578 4374; baseline -0.005 -22"><span class='ocrx_word' id='word_1_350' title='bbox 236 4285 293 4374; x_wconf 84' lang='lat' dir='ltr'><strong>(cf.</strong></span> <span class='ocrx_word' id='word_1_351' title='bbox 311 4289 409 4352; x_wconf 87' lang='lat' dir='ltr'><strong>Deut.</strong></span> <span class='ocrx_word' id='word_1_352' title='bbox 429 4282 542 4371; x_wconf 63' lang='grc'>1311)</span> <span class='ocrx_word' id='word_1_353' title='bbox 559 4288 738 4371; x_wconf 75' lang='grc' dir='ltr'>παράνομα,</span> <span class='ocrx_word' id='word_1_354' title='bbox 759 4280 846 4367; x_wconf 88' lang='lat' dir='ltr'><strong>legis</strong></span> <span class='ocrx_word' id='word_1_355' title='bbox 861 4279 1062 4362; x_wconf 89' lang='lat' dir='ltr'><strong>violatores,</strong></span> <span class='ocrx_word' id='word_1_356' title='bbox 1080 4278 1146 4345; x_wconf 87' lang='lat' dir='ltr'><strong>viri</strong></span> <span class='ocrx_word' id='word_1_357' title='bbox 1163 4279 1313 4369; x_wconf 91' lang='lat' dir='ltr'><strong>improbi</strong></span> <span class='ocrx_word' id='word_1_358' title='bbox 1331 4279 1391 4371; x_wconf 71' lang='grc'><strong>(1);</strong></span> <span class='ocrx_word' id='word_1_359' title='bbox 1415 4286 1469 4347; x_wconf 74' lang='grc' dir='ltr'>υἱοὶ</span> <span class='ocrx_word' id='word_1_360' title='bbox 1483 4284 1578 4365; x_wconf 75' lang='grc' dir='ltr'>παρά-</span> 
     </span>
     <span class='ocr_line' id='line_1_38' title="bbox 235 4384 1574 4481; baseline -0.006 -22"><span class='ocrx_word' id='word_1_361' title='bbox 235 4420 319 4475; x_wconf 81' lang='grc' dir='ltr'>νομοι</span> <span class='ocrx_word' id='word_1_362' title='bbox 336 4389 429 4481; x_wconf 88' lang='lat' dir='ltr'><strong>apud</strong></span> <span class='ocrx_word' id='word_1_363' title='bbox 447 4392 528 4457; x_wconf 82' lang='lat' dir='ltr'><strong>Lxx</strong></span> <span class='ocrx_word' id='word_1_364' title='bbox 541 4394 562 4455; x_wconf 74' lang='lat'><strong>2</strong></span> <span class='ocrx_word' id='word_1_365' title='bbox 577 4394 653 4455; x_wconf 92' lang='lat' dir='ltr'><strong>Par.</strong></span> <span class='ocrx_word' id='word_1_366' title='bbox 672 4392 752 4470; x_wconf 81' lang='grc'>13,1</span> <span class='ocrx_word' id='word_1_367' title='bbox 767 4385 873 4453; x_wconf 93' lang='lat' dir='ltr'><strong>iidem</strong></span> <span class='ocrx_word' id='word_1_368' title='bbox 892 4391 972 4454; x_wconf 92' lang='lat' dir='ltr'><strong>sunt</strong></span> <span class='ocrx_word' id='word_1_369' title='bbox 989 4384 1050 4475; x_wconf 91' lang='lat' dir='ltr'><strong>qui</strong></span> <span class='ocrx_word' id='word_1_370' title='bbox 1065 4385 1164 4455; x_wconf 89' lang='lat' dir='ltr'><strong>hebr.</strong></span> <span class='ocrx_word' id='word_1_371' title='bbox 1179 4386 1240 4452; x_wconf 90' lang='lat' dir='ltr'><strong>filii</strong></span> <span class='ocrx_word' id='word_1_372' title='bbox 1253 4385 1360 4453; x_wconf 91' lang='lat' dir='ltr'><strong>Belial</strong></span> <span class='ocrx_word' id='word_1_373' title='bbox 1380 4386 1433 4469; x_wconf 87' lang='lat' dir='ltr'><strong>(cl.</strong></span> <span class='ocrx_word' id='word_1_374' title='bbox 1455 4391 1474 4451; x_wconf 90' lang='lat'><strong>3</strong></span> <span class='ocrx_word' id='word_1_375' title='bbox 1488 4389 1574 4469; x_wconf 86' lang='lat' dir='ltr'><strong>Reg.</strong></span> 
     </span>
     <span class='ocr_line' id='line_1_39' title="bbox 236 4482 1574 4587; baseline -0.007 -22"><span class='ocrx_word' id='word_1_376' title='bbox 236 4503 350 4581; x_wconf 64' lang='lat' dir='ltr'><strong>hmo.</strong></span> <span class='ocrx_word' id='word_1_377' title='bbox 371 4495 440 4587; x_wconf 86' lang='lat'><strong>13),</strong></span> <span class='ocrx_word' id='word_1_378' title='bbox 457 4494 557 4563; x_wconf 81' lang='lat' dir='ltr'><strong>Sillii</strong></span> <span class='ocrx_word' id='word_1_379' title='bbox 579 4494 772 4584; x_wconf 87' lang='lat' dir='ltr'><strong>iniquitatis</strong></span> <span class='ocrx_word' id='word_1_380' title='bbox 793 4482 911 4575; x_wconf 61' lang='lat' dir='ltr'><strong>(reblath</strong></span> <span class='ocrx_word' id='word_1_381' title='bbox 933 4492 982 4560; x_wconf 91' lang='lat' dir='ltr'><strong>ita</strong></span> <span class='ocrx_word' id='word_1_382' title='bbox 999 4496 1175 4582; x_wconf 86' lang='lat' dir='ltr'><strong>apostatae</strong></span> <span class='ocrx_word' id='word_1_383' title='bbox 1192 4493 1300 4579; x_wconf 85' lang='lat' dir='ltr'><strong>alege</strong></span> <span class='ocrx_word' id='word_1_384' title='bbox 1312 4495 1482 4558; x_wconf 85' lang='lat' dir='ltr'><strong>vocantur</strong></span> <span class='ocrx_word' id='word_1_385' title='bbox 1494 4510 1574 4578; x_wconf 89' lang='lat' dir='ltr'><strong>pas-</strong></span> 
     </span>
     <span class='ocr_line' id='line_1_40' title="bbox 236 4600 1574 4691; baseline -0.007 -18"><span class='ocrx_word' id='word_1_386' title='bbox 236 4604 300 4673; x_wconf 81' lang='lat' dir='ltr'><strong>sim</strong></span> <span class='ocrx_word' id='word_1_387' title='bbox 318 4604 356 4672; x_wconf 85' lang='lat' dir='ltr'><strong>in</strong></span> <span class='ocrx_word' id='word_1_388' title='bbox 376 4603 466 4671; x_wconf 85' lang='lat' dir='ltr'><strong>libro</strong></span> <span class='ocrx_word' id='word_1_389' title='bbox 483 4610 601 4688; x_wconf 79' lang='grc' dir='ltr'>ἄνομοι,</span> <span class='ocrx_word' id='word_1_390' title='bbox 618 4608 725 4691; x_wconf 84' lang='grc' dir='ltr'>ἄνδρες</span> <span class='ocrx_word' id='word_1_391' title='bbox 743 4606 923 4690; x_wconf 80' lang='grc' dir='ltr'>παράνομοι,</span> <span class='ocrx_word' id='word_1_392' title='bbox 939 4606 1052 4685; x_wconf 64' lang='lat' dir='ltr'><strong>torpet,</strong></span> <span class='ocrx_word' id='word_1_393' title='bbox 1070 4604 1196 4688; x_wconf 82' lang='grc' dir='ltr'>ἐργάται</span> <span class='ocrx_word' id='word_1_394' title='bbox 1216 4617 1272 4683; x_wconf 77' lang='grc' dir='ltr'><strong>τῆς</strong></span> <span class='ocrx_word' id='word_1_395' title='bbox 1293 4600 1429 4681; x_wconf 75' lang='grc' dir='ltr'>ἀνομίας,</span> <span class='ocrx_word' id='word_1_396' title='bbox 1452 4602 1574 4683; x_wconf 73' lang='grc' dir='ltr'>ἐργαζο-</span> 
     </span>
     <span class='ocr_line' id='line_1_41' title="bbox 238 4700 1574 4796; baseline -0.01 -15"><span class='ocrx_word' id='word_1_397' title='bbox 238 4740 320 4795; x_wconf 81' lang='grc' dir='ltr'>μενοι</span> <span class='ocrx_word' id='word_1_398' title='bbox 347 4719 401 4796; x_wconf 84' lang='grc' dir='ltr'><strong>τὴν</strong></span> <span class='ocrx_word' id='word_1_399' title='bbox 431 4714 556 4791; x_wconf 68' lang='grc' dir='ltr'>ἀδικίαν,</span> <span class='ocrx_word' id='word_1_400' title='bbox 578 4711 708 4791; x_wconf 68' lang='lat' dir='ltr'><strong>desiste,</strong></span> <span class='ocrx_word' id='word_1_401' title='bbox 730 4712 946 4788; x_wconf 75' lang='grc' dir='ltr'>καταλιπόντες</span> <span class='ocrx_word' id='word_1_402' title='bbox 970 4718 1021 4776; x_wconf 73' lang='grc' dir='ltr'><strong>τοι</strong></span> <span class='ocrx_word' id='word_1_403' title='bbox 1047 4710 1155 4791; x_wconf 74' lang='grc' dir='ltr'>νὸμον;</span> <span class='ocrx_word' id='word_1_404' title='bbox 1182 4704 1241 4772; x_wconf 79' lang='lat' dir='ltr'><strong>isti</strong></span> <span class='ocrx_word' id='word_1_405' title='bbox 1264 4702 1350 4771; x_wconf 83' lang='lat' dir='ltr'><strong>ulios</strong></span> <span class='ocrx_word' id='word_1_406' title='bbox 1374 4724 1514 4793; x_wconf 87' lang='lat' dir='ltr'><strong>quoque</strong></span> <span class='ocrx_word' id='word_1_407' title='bbox 1536 4700 1574 4769; x_wconf 88' lang='lat' dir='ltr'><strong>in</strong></span> 
     </span>
     <span class='ocr_line' id='line_1_42' title="bbox 235 4809 1572 4910; baseline -0.009 -24"><span class='ocrx_word' id='word_1_408' title='bbox 235 4839 333 4887; x_wconf 81' lang='lat' dir='ltr'><strong>suam</strong></span> <span class='ocrx_word' id='word_1_409' title='bbox 350 4816 557 4910; x_wconf 88' lang='lat' dir='ltr'><strong>apostasiam</strong></span> <span class='ocrx_word' id='word_1_410' title='bbox 577 4813 776 4906; x_wconf 90' lang='lat' dir='ltr'><strong>pertrahere</strong></span> <span class='ocrx_word' id='word_1_411' title='bbox 797 4813 1037 4881; x_wconf 86' lang='lat' dir='ltr'><strong>conabantur:</strong></span> <span class='ocrx_word' id='word_1_412' title='bbox 1055 4832 1173 4880; x_wconf 75' lang='lat' dir='ltr'><strong>cometa</strong></span> <span class='ocrx_word' id='word_1_413' title='bbox 1186 4824 1218 4879; x_wconf 82' lang='lat' dir='ltr'><strong>et</strong></span> <span class='ocrx_word' id='word_1_414' title='bbox 1234 4809 1459 4903; x_wconf 78' lang='lat' dir='ltr'><strong>disponamus</strong></span> <span class='ocrx_word' id='word_1_415' title='bbox 1474 4821 1572 4877; x_wconf 81' lang='lat' dir='ltr'><strong>testa·</strong></span> 
     </span>
    </p>
   </div>
   <div class='ocr_carea' id='block_1_3' title="bbox 0 0 1821 5367">
    <p class='ocr_par' dir='ltr' id='par_1_5' title="bbox 0 0 1821 5367">
     <span class='ocr_line' id='line_1_43' title="bbox 0 0 1821 5367; baseline 0 0"><span class='ocrx_word' id='word_1_416' title='bbox 0 0 1821 5367; x_wconf 95' lang='lat' dir='ltr'><strong> </strong></span> 
     </span>
    </p>
   </div>
  </div>
 </body>
</html>
