3625 5367
235 395 292 453 138
746 394 773 448 1.
798 404 889 450 ntea.
914 390 1066 460 ast-63:

232 541 408 632 aliquibus
418 541 562 609 minuso.
575 544 609 607 et
620 540 685 607 erit
696 539 915 607 retinendum
929 538 1003 628 (alii
1018 538 1189 629 praebent
1202 543 1426 632 ετενυασοντο);
1444 544 1537 611 unde
1556 567 1563 612 :

232 646 409 716 festinavit
422 653 455 714 et
470 648 594 714 annuit
607 647 631 712 i.
653 668 683 712 e.
702 647 905 713 festinanter
923 645 1090 712 consensit
1110 646 1284 716 discedere
1296 653 1329 715 et
1346 648 1432 717 dixit
1451 651 1538 738 regi.

276 759 321 821 Ex
340 754 534 821 rationibus
557 777 589 821 v.
616 752 783 820 stallatis
802 752 975 820 concludit
993 752 1131 820 dextras
1152 776 1222 820 esse
1245 753 1388 838 dandas,
1407 757 1431 824 i.
1451 780 1482 823 e.
1498 759 1565 824 sol·

231 860 339 929 lemni
357 860 460 927 modo
479 859 548 926 tide
567 860 648 927 data
662 880 781 950 pacem
802 881 874 927 esse
888 859 1161 927 concludendam
1184 883 1262 928 eum
1282 860 1425 929 obsessis
1437 868 1470 930 et
1485 885 1564 930 eum

231 974 303 1035 tota
316 967 455 1034 natione
475 966 615 1034 iudaice
640 988 672 1032 v.
690 971 745 1034 58.
763 970 874 1055 Atque
896 965 932 1031 id
956 965 1030 1032 fieri
1053 988 1150 1056 posse
1172 965 1247 1033 sine
1266 967 1337 1034 ullo
1357 967 1564 1036 detrimento

231 1074 383 1142 declarat
403 1072 442 1141 in
460 1073 492 1141 ν.
517 1079 574 1152 59;
592 1094 673 1140 nam
697 1073 740 1140 iis
762 1072 873 1139 solum
894 1072 1084 1140 concedere
1109 1072 1284 1154 debemus,
1310 1079 1346 1142 ut
1374 1076 1564 1143 secundum

167 1241 170 1246 .
230 1203 308 1249 suas
320 1181 415 1268 leges
427 1180 546 1247 vivant
563 1179 657 1269 quod
669 1185 701 1246 et
716 1185 817 1246 antea
831 1179 1005 1261 lecerunt3
1023 1179 1126 1247 unica
1138 1183 1230 1247 enirn
1251 1181 1356 1247 totius
1370 1181 1563 1250 dimicatio-

230 1287 285 1354 nis
299 1309 404 1354 causa
427 1293 487 1366 cst,
506 1286 590 1376 quia
603 1308 667 1353 nos
685 1286 781 1372 leges
799 1305 919 1352 eorum
933 1307 1140 1374 normasque
1154 1285 1291 1353 vivendi
1306 1287 1481 1378 despectui
1500 1290 1563 1356 ha-

230 1378 381 1476 buimus,
396 1393 447 1458 vel
468 1392 585 1482 potius
602 1415 642 1459 ex
661 1414 788 1479 graeco
809 1391 1061 1481 dissipavimus
1086 1391 1330 1475 destruximus,
1350 1394 1564 1462 abolevimus

231 1501 277 1589 (S,
296 1498 337 1587 s).
354 1498 451 1566 Hisce
464 1499 614 1567 ostendit
635 1497 777 1567 ludaeos
800 1497 887 1569 nibil
907 1497 1001 1564 aliud
1017 1505 1180 1589 appetere
1195 1521 1300 1589 quam
1320 1506 1356 1568 ut
1377 1500 1441 1568 sibi
1461 1501 1564 1569 liceat

230 1603 365 1672 iudaice
383 1604 510 1686 vivere,
532 1604 568 1671 id
589 1605 683 1694 quod
701 1606 776 1671 sine
801 1606 873 1671 ullo
893 1604 994 1693 regni
1011 1604 1190 1695 dispendio
1212 1605 1255 1672 iis
1268 1606 1423 1695 permitti
1438 1615 1559 1698 potest.

229 1712 312 1779 lluic
327 1711 470 1780 consilio
488 1712 738 1801 acquieverunt
754 1733 812 1778 rex
837 1718 871 1780 et
886 1710 989 1779 duces
1003 1718 1035 1778 et
1052 1712 1181 1778 obsessi
1196 1734 1314 1802 paoem
1335 1712 1488 1781 oblatam
1504 1737 1560 1782 ac-

229 1825 406 1907 ceperunt.
427 1823 495 1886 Rex
508 1825 541 1885 et
553 1818 660 1886 duces
674 1818 870 1885 iuramento
882 1818 978 1886 illam
993 1819 1177 1886 firmarunt
1191 1842 1223 1887 v.
1239 1826 1293 1886 60.
1313 1825 1367 1886 61.
1383 1823 1464 1886 Cum
1481 1821 1561 1886 sim-

229 1923 365 2014 plicitet·
378 1946 499 2014 pacem
513 1925 582 1991 illis
596 1925 734 1992 offerret
748 1928 959 1994 -ἁπέστειλε
973 1937 1048 2013 πρὸς
1065 1931 1170 2006 αὖτοὺς
1187 1930 1405 2014 είρηνεῦσαι-
1415 1948 1560 2014 eamque

228 2031 272 2097 ab
285 2031 334 2096 eis
347 2036 523 2120 acceptam
537 2032 731 2098 iuramento
750 2031 911 2112 sanciret,
926 2032 1022 2098 nulla
1040 2030 1110 2132 alia
1130 2030 1314 2100 deditionis
1335 2031 1485 2100 conditio
1500 2055 1560 2100 scu

228 2135 414 2226 postulatio
427 2141 502 2204 erat
519 2136 692 2205 adiuncta.
716 2144 825 2217 Quare
846 2139 939 2224 regis
960 2137 1174 2220 mandatum,
1193 2143 1230 2204 nt
1238 2139 1477 2206 destrueretur
1489 2161 1558 2206 mu-

228 2263 297 2325 rus,
315 2242 455 2310 violatio
474 2243 662 2310 iuramenti
680 2243 804 2311 merito
818 2250 960 2310 vocatur
980 2264 1012 2311 ν.
1029 2251 1082 2313 62.
1105 2247 1188 2312 Cum
1207 2245 1425 2313 festinatione
1442 2245 1560 2312 Antio-

228 2348 341 2415 chiam
354 2372 511 2418 reversus
525 2350 723 2441 Philippum
736 2350 870 2417 invenit
888 2351 1124 2418 dominantem
1138 2349 1235 2436 urbi;
1250 2373 1371 2441 pugna
1380 2351 1559 2419 commissa

227 2454 349 2522 urbem
365 2457 398 2523 vi
412 2463 558 2547 occupat
576 2479 608 2524 ν.
627 2464 684 2536 63;
700 2458 743 2523 cl.
761 2458 899 2524 tilach.
918 2463 1016 2538 9393
1036 2464 1114 2538 13,t
1129 2479 1200 2547 seq.

615 2685 663 2742 21.
685 2679 918 2742 Mootinationes
930 2681 1041 2742 Alcimi
1060 2685 1171 2755 7‚1-22.

263 2867 318 2932 7,t.
339 2869 417 2924 Anno
443 2870 582 2918 centesimo
610 2871 831 2933 quinqucoesimo
920 2861 981 2929 7‚1.
998 2855 1094 2925 Ἐτους
1108 2857 1162 2924 ἐνὸς
1178 2857 1225 2916 καί
1239 2864 1420 2932 πεντηκοστοῦ
1432 2859 1478 2918 καί
1497 2863 1559 2920 ἑκα-

230 2958 319 3021 primo
333 2958 399 3006 exiit
419 2957 563 3006 Demetrius
584 2957 687 3007 Seleuci
709 2957 783 3023 fitius
798 2959 831 3008 ot
878 2950 974 3005 τοστοῦ
997 2945 1087 3018 ἐξῆλθε
1110 2946 1292 3027 Δημήτριοςὸ
1313 2952 1359 3006 τοῦ
1381 2949 1513 3008 Σελεύκου
1528 2951 1558 3008 ἐκ

228 3044 292 3094 urbe
323 3047 405 3095 Romo
437 3053 462 3096 et
496 3046 614 3095 aseendit
644 3059 702 3094 eum
737 3047 831 3111 paucis
877 3031 988 3112 Ῥώμης
1009 3033 1055 3093 καί
1078 3033 1159 3108 iiiia
1183 3033 1228 3094 σὺν
1252 3036 1377 3116 ἀνδράσιν
1401 3037 1498 3114 ὀλίγοις
1522 3042 1558 3106 εἰς

225 3136 295 3183 uiris
314 3134 499 3186 inuisitatem
516 3135 681 3184 maritimum
696 3141 719 3184 et
732 3147 830 3198 teano·
877 3122 954 3181 πόλιν
980 3123 1201 3202 παραθαλασσίαν
1225 3129 1271 3184 καὶ
1296 3123 1465 3186 ἔὸασίλινσεν
1489 3128 1555 3189 ἐκεῖ.

226 3224 270 3272 vit
288 3222 356 3273 ittic.
381 3225 405 3274 2.
429 3224 462 3273 Et
486 3222 587 3288 foetum
608 3230 656 3284 est,
679 3230 709 3273 ut
725 3224 831 3287 inuret·
877 3213 906 3272 2.
926 3211 980 3272 Καλ
999 3211 1101 3290 ἰγίνιτο
1118 3215 1153 3278 ὡς
1173 3213 1353 3293 ιίςεαοριίετο
1369 3218 1406 3282 εἰς
1424 3203 1493 3274 οἶκον
1510 3218 1558 3294 βα·

227 3326 272 3362 sut
295 3319 333 3361 est
354 3314 458 3362 domum
479 3313 558 3375 neoni
579 3320 689 3377 potrum
711 3327 828 3374 suorum,
876 3301 975 3368 σιλείας
989 3301 1112 3379 πατέρων
1127 3302 1218 3374 αὐτοῦ,
1233 3301 1378 3362 συνίλαὸον
1394 3305 1420 3362 αἱ
1433 3304 1557 3379 δυνάμεις

228 3401 427 3466 comprehendit
452 3403 582 3451 exercitus
612 3403 771 3452 Antiochum
805 3407 836 3452 et'
875 3389 920 3448 τὸν
935 3389 1068 3470 Ἀντίοχον
1088 3383 1133 3450 καί
1152 3391 1196 3450 τὸν
1213 3391 1315 3452 Λυσίαν
1335 3393 1443 3470 αἰγαγεῐν
1461 3389 1557 3461 αὐτοὺς

227 3491 342 3552 Lysiam,
357 3496 386 3539 ut
401 3491 562 3540 adducerent
574 3503 616 3540 eos
629 3492 663 3540 ud
674 3505 742 3541 euin.
758 3491 783 3541 3.
797 3493 830 3540 Et
875 3481 958 3558 αὐτῷ.
979 3481 1007 3539 3.
1026 3479 1079 3540 Καὶ
1100 3477 1216 3556 ίγνώσθη
1240 3482 1312 3560 αὐτῷ
1326 3479 1356 3539 τὸ
1380 3491 1492 3561 πρᾶγμα
1509 3483 1556 3540 καὶ

225 3591 266 3626 rer
281 3579 306 3625 ei
319 3579 438 3628 innotuit
453 3585 476 3627 et
490 3580 530 3628 nit
546 3593 554 3627 :
569 3579 652 3629 notite
665 3581 733 3630 mibi
745 3586 829 3631 osten·
874 3557 942 3626 εἶπ’
960 3567 998 3643 μή
1020 3591 1065 3644 tw!
1085 3567 1185 3640 δεῖίητῑ
1209 3567 1242 3627 τὰ
1261 3567 1389 3647 πρόσωπα
1408 3572 1506 3630 αὐτῶν.
1522 3575 1552 3632 l.

225 3667 286 3715 dere
311 3667 408 3731 sociem
428 3681 527 3718 eorum.
555 3668 579 3718 4.
607 3669 641 3718 Et
667 3670 762 3718 oceidit
787 3683 828 3719 eos
875 3654 1102 3715 Καίαίπίκτειναν
1121 3656 1215 3725 αὐτοὺς
1237 3661 1263 3717 αἱ
1278 3658 1412 3735 δυνάμεις,
1431 3659 1477 3718 καλ
1491 3660 1556 3718 ἐκαί-

226 3757 365 3806 exercitus.
386 3757 418 3805 Et
436 3759 504 3807 sedit
520 3759 667 3808 Demetrius
688 3772 769 3822 super
786 3773 828 3808 ια·
873 3748 930 3803 02⁶⁸
949 3745 1100 3824 alpinae
1120 3745 1164 3804 tat
1193 3745 1284 3827 θρόνου
1309 3746 1446 3826 paedia<
1461 3748 1553 3807 αὒτῦῧ·

223 3845 283 3894 dem
301 3846 378 3907 repni
399 3848 457 3906 sui;
478 3847 504 3897 5.
527 3854 551 3896 et
568 3856 697 3897 venerunt
720 3848 755 3896 ad
770 3861 829 3896 eum
874 3835 902 3893 5.
923 3833 968 3892 καί
984 3825 1063 3905 ἦλθον
1084 3834 1151 3913 πρὸς
1170 3835 1248 3894 αὐτὸν
1273 3839 1369 3903 πάντες
1384 3835 1474 3914 ἄνδρες
1490 3835 1553 3896 ἄνο-

224 3934 280 3982 ciri
301 3935 392 3996 iniqui
409 3943 433 3984 ct
453 3936 532 4000 impii
549 3950 579 3983 eu
603 3936 698 3995 lsrael,
715 3936 827 3986 attici·
873 3944 919 3996 μοι
952 3922 997 3981 md
1021 3921 1124 3990 ᾶσῑῧεῖς
1149 3923 1174 3990 ἐξ
1199 3923 1320 4004 Ἰσραὴλ,
1356 3925 1401 3982 καὶ
1426 3923 1554 3992 'nisime

222 4035 280 4070 inite
303 4023 356 4071 duc
373 4036 463 4072 eorum
477 4025 523 4085 qui
536 4023 641 4074 uolebat
659 4026 719 4089 fieri
738 4038 827 4074 sucer-
872 4015 962 4087 ἡγεῖτο
981 4013 1081 4088 αὐτῶν,
1104 4011 1260 4090 βουλόμενοι
1280 4013 1435 4092 ἱερατεύειν.
1452 4015 1482 4072 6.
1501 4014 1554 4072 Καὶ

223 4112 279 4159 dos.
305 4109 332 4159 6.
356 4111 388 4158 lit
404 4119 594 4160 accusaverunt
611 4113 827 4178 populumupud
872 4100 1060 4179 κατηγόρησαν
1076 4105 1122 4159 τοῦ
1139 4103 1206 4160 λαοῦ
1228 4101 1292 4181 πρὸς
1311 4101 1355 4160 τὸν
1381 4102 1492 4180 βασιλία
1507 4102 1554 4160 λε’-

221 4211 318 4261 τεριτα,
351 4199 466 4248 dicentes
494 4213 502 4248 :
535 4201 655 4262 perdidit
693 4201 774 4250 ludos
802 4209 827 4251 et
871 4210 971 4266 γοντες·
985 4188 1122 4249 ἀπώλεσεν
1137 4189 1239 4256 Ἰούδας
1251 4190 1333 4249 καλοί
1349 4189 1457 4271 ἀδελφοί
1471 4191 1554 4249 αὐτοῦ

222 4286 323 4352 (ratres
341 4289 400 4336 eius
423 4301 510 4337 omnes
529 4291 627 4338 amicos
652 4297 709 4339 tuos
733 4298 758 4338 et
778 4303 826 4340 nos
872 4277 976 4344 nicee<
991 4277 1049 4344 τοὺς
1066 4279 1155 4356 φιλους
1170 4301 1217 4338 σου
1237 4279 1282 4337 καὶ
1298 4285 1370 4355 ἡμᾶς
1392 4279 1552 4359 ἓσκόρπισαν

227 4379 355 4441 dispersit
371 4377 401 4426 de
422 4384 495 4427 terro
510 4384 619 4436 noctem·
634 4379 659 4428 7.
676 4393 748 4428 nunc
764 4394 826 4443 erpo
873 4365 926 4424 ἀπὸ
950 4371 995 4437 τῆς
1019 4371 1067 4446 γῆς
1091 4371 1176 4444 ἡμῶν·
1204 4371 1232 4430 7.
1261 4374 1305 4426 νῦν
1332 4358 1376 4426 οὖν
1396 4368 1552 4428 ἀπόστειλον
1621 4409 1625 4416 -

222 4467 297 4516 mitte
311 4469 400 4516 uirum
418 4469 460 4517 cui
480 4467 575 4527 credis,
592 4475 621 4516 ut
635 4473 678 4516 eut
693 4475 717 4518 et
736 4468 825 4519 otdeot
872 4453 956 4532 diepa
977 4445 999 4534 ᾧ
1020 4455 1151 4524 πιστεύεις
1176 4456 1222 4516 καὶ
1244 4462 1381 4537 πορευθείς
1404 4457 1480 4516 litto)
1504 4456 1552 4529 τὴν

223 4558 411 4606 exterminium
430 4571 504 4607 omne
528 4558 598 4620 quod
621 4556 684 4620 [ecit
705 4559 782 4608 nobis
801 4566 825 4608 et
872 4541 1051 4623 iiolitpeoeo
1067 4553 1156 4604 πᾶσαν
1175 4546 1208 4617 ἣν
1227 4547 1350 4618 ἐποίησεν
1370 4545 1434 4621 ἡμῖν
1454 4545 1553 4627 antip·

225 4646 379 4706 ropionibus
399 4647 479 4708 repis,
498 4653 522 4695 et
540 4648 640 4709 puniat
655 4659 742 4696 omnes
755 4649 826 4696 ami.
871 4634 949 4712 χώρα.
963 4637 1009 4692 τοῦ
1032 4634 1162 4712 §corbitae
1177 4634 1223 4692 nul
1244 4632 1384 4693 xoidudttu
1401 4633 1552 4702 αὖτοὺςκαί

223 4745 266 4780 cos
279 4733 336 4781 eius
349 4742 372 4783 et
388 4736 523 4784 adiutores
538 4749 637 4784 eorutn.
871 4720 978 4788 πάντας
992 4721 1050 4790 τοὺς
1065 4722 1268 4794 ίπῑὸοηθῠῧντας
1280 4725 1377 4789 αὐτοῖς·
1466 4774 1468 4778 ⁷

261 4820 286 4870 8.
305 4821 339 4869 Et
357 4821 436 4884 eiecit
459 4835 505 4872 ree
525 4837 555 4872 ee
576 4825 670 4873 etnicis
692 4827 826 4874 suirltuc-
916 4813 947 4872 8.
974 4810 1028 4871 Καὶ
1043 4811 1189 4878 ἐπέλεξενδ
1209 4807 1332 4880 βασιλεὺς
1344 4811 1389 4871 τὸν
1414 4813 1551 4893 Βακχίδην
