<?xml version="1.0" encoding="UTF-8"?>
<!DOCTYPE html PUBLIC "-//W3C//DTD XHTML 1.0 Transitional//EN"
    "http://www.w3.org/TR/xhtml1/DTD/xhtml1-transitional.dtd">
<html xmlns="http://www.w3.org/1999/xhtml" xml:lang="en" lang="en">
 <head>
  <title>
</title>
<meta http-equiv="Content-Type" content="text/html;charset=utf-8" />
  <meta name='ocr-system' content='tesseract 3.04.00' />
  <meta name='ocr-capabilities' content='ocr_page ocr_carea ocr_par ocr_line ocrx_word'/>
</head>
<body>
  <div class='ocr_page' id='page_1' title='image "./commentariusind00knabgoog/commentariusind00knabgoog_0217.png"; bbox 0 0 3625 5367; ppageno 0'>
   <div class='ocr_carea' id='block_1_1' title="bbox 721 342 1550 415">
    <p class='ocr_par' dir='ltr' id='par_1_1' title="bbox 721 342 1550 415">
     <span class='ocr_line' id='line_1_1' title="bbox 721 342 1550 415; baseline 0.006 -15"><span class='ocrx_word' id='word_1_1' title='bbox 721 343 748 400; x_wconf 90' lang='lat' dir='ltr'><strong><em>l.</em></strong></span> <span class='ocrx_word' id='word_1_2' title='bbox 773 359 866 402; x_wconf 77' lang='lat' dir='ltr'><strong><em>uren.</em></strong></span> <span class='ocrx_word' id='word_1_3' title='bbox 891 342 1049 415; x_wconf 60' lang='lat' dir='ltr'><strong><em>latta-39.</em></strong></span> <span class='ocrx_word' id='word_1_4' title='bbox 1492 343 1550 405; x_wconf 74' lang='lat'><strong><em>205</em></strong></span> 
     </span>
    </p>
   </div>
   <div class='ocr_carea' id='block_1_2' title="bbox 218 491 1556 2609">
    <p class='ocr_par' dir='ltr' id='par_1_2' title="bbox 218 491 1555 1984">
     <span class='ocr_line' id='line_1_2' title="bbox 220 491 1550 572; baseline 0.001 -25"><span class='ocrx_word' id='word_1_5' title='bbox 220 511 309 548; x_wconf 85' lang='lat' dir='ltr'><strong><em>omues</em></strong></span> <span class='ocrx_word' id='word_1_6' title='bbox 324 510 374 561; x_wconf 85' lang='lat' dir='ltr'><strong><em>per</em></strong></span> <span class='ocrx_word' id='word_1_7' title='bbox 393 496 539 556; x_wconf 83' lang='lat' dir='ltr'><strong><em>ciuitatem,</em></strong></span> <span class='ocrx_word' id='word_1_8' title='bbox 557 496 598 547; x_wconf 80' lang='lat' dir='ltr'><strong><em>ts.</em></strong></span> <span class='ocrx_word' id='word_1_9' title='bbox 631 504 654 545; x_wconf 93' lang='lat' dir='ltr'><strong><em>et</em></strong></span> <span class='ocrx_word' id='word_1_10' title='bbox 678 497 829 547; x_wconf 82' lang='lat' dir='ltr'><strong><em>oeciderunt</em></strong></span> <span class='ocrx_word' id='word_1_11' title='bbox 874 493 952 552; x_wconf 79' lang='grc' dir='ltr'>αὐτὸν</span> <span class='ocrx_word' id='word_1_12' title='bbox 980 491 1078 557; x_wconf 76' lang='grc' dir='ltr'>πάντες</span> <span class='ocrx_word' id='word_1_13' title='bbox 1103 491 1161 569; x_wconf 80' lang='grc' dir='ltr'>ἅμα</span> <span class='ocrx_word' id='word_1_14' title='bbox 1186 491 1231 550; x_wconf 81' lang='grc' dir='ltr'>καὶ</span> <span class='ocrx_word' id='word_1_15' title='bbox 1256 491 1438 569; x_wconf 74' lang='grc' dir='ltr'>διεσπάρησαν</span> <span class='ocrx_word' id='word_1_16' title='bbox 1463 494 1489 550; x_wconf 79' lang='grc' dir='ltr'><strong><em>ἐν</em></strong></span> <span class='ocrx_word' id='word_1_17' title='bbox 1518 499 1550 572; x_wconf 81' lang='grc' dir='ltr'><strong><em>τῇ</em></strong></span> 
     </span>
     <span class='ocr_line' id='line_1_3' title="bbox 220 578 1552 660; baseline 0.002 -24"><span class='ocrx_word' id='word_1_18' title='bbox 220 590 252 636; x_wconf 85' lang='lat' dir='ltr'><strong><em>irs</em></strong></span> <span class='ocrx_word' id='word_1_19' title='bbox 275 585 327 636; x_wconf 85' lang='lat' dir='ltr'><strong><em>itta</em></strong></span> <span class='ocrx_word' id='word_1_20' title='bbox 357 586 401 634; x_wconf 86' lang='lat' dir='ltr'><strong><em>die</em></strong></span> <span class='ocrx_word' id='word_1_21' title='bbox 429 593 535 636; x_wconf 86' lang='lat' dir='ltr'><strong><em>acutum</em></strong></span> <span class='ocrx_word' id='word_1_22' title='bbox 564 585 656 635; x_wconf 85' lang='lat' dir='ltr'><strong><em>millia</em></strong></span> <span class='ocrx_word' id='word_1_23' title='bbox 681 587 827 646; x_wconf 82' lang='lat' dir='ltr'><strong><em>homiuum,</em></strong></span> <span class='ocrx_word' id='word_1_24' title='bbox 873 582 961 654; x_wconf 73' lang='grc' dir='ltr'>παλαι,</span> <span class='ocrx_word' id='word_1_25' title='bbox 984 583 1033 641; x_wconf 77' lang='grc'><strong><em>48.</em></strong></span> <span class='ocrx_word' id='word_1_26' title='bbox 1058 578 1105 638; x_wconf 82' lang='grc' dir='ltr'>καὶ</span> <span class='ocrx_word' id='word_1_27' title='bbox 1127 579 1285 638; x_wconf 76' lang='grc' dir='ltr'>ἀπέκτειναν</span> <span class='ocrx_word' id='word_1_28' title='bbox 1315 582 1342 638; x_wconf 77' lang='grc' dir='ltr'><strong><em>ἰν</em></strong></span> <span class='ocrx_word' id='word_1_29' title='bbox 1365 586 1398 660; x_wconf 82' lang='grc' dir='ltr'><strong><em>τῇ</em></strong></span> <span class='ocrx_word' id='word_1_30' title='bbox 1422 580 1500 640; x_wconf 85' lang='grc' dir='ltr'>πόλει</span> <span class='ocrx_word' id='word_1_31' title='bbox 1526 584 1552 640; x_wconf 81' lang='grc' dir='ltr'><strong><em>ἐν</em></strong></span> 
     </span>
     <span class='ocr_line' id='line_1_4' title="bbox 218 668 1555 751; baseline 0.001 -25"><span class='ocrx_word' id='word_1_32' title='bbox 218 685 243 726; x_wconf 89' lang='lat' dir='ltr'><strong><em>et</em></strong></span> <span class='ocrx_word' id='word_1_33' title='bbox 266 676 459 725; x_wconf 80' lang='lat' dir='ltr'><strong><em>succenderunt</em></strong></span> <span class='ocrx_word' id='word_1_34' title='bbox 487 675 624 724; x_wconf 83' lang='lat' dir='ltr'><strong><em>ciuitatem</em></strong></span> <span class='ocrx_word' id='word_1_35' title='bbox 651 682 676 723; x_wconf 90' lang='lat' dir='ltr'><strong><em>et</em></strong></span> <span class='ocrx_word' id='word_1_36' title='bbox 704 681 829 740; x_wconf 76' lang='lat' dir='ltr'><strong><em>ceperunt</em></strong></span> <span class='ocrx_word' id='word_1_37' title='bbox 873 671 1015 751; x_wconf 75' lang='grc' dir='ltr'>τῇὴμέριρ</span> <span class='ocrx_word' id='word_1_38' title='bbox 1037 668 1124 748; x_wconf 78' lang='grc' dir='ltr'>ἐκείνῃ</span> <span class='ocrx_word' id='word_1_39' title='bbox 1144 670 1180 734; x_wconf 78' lang='grc' dir='ltr'><strong><em>εἰς</em></strong></span> <span class='ocrx_word' id='word_1_40' title='bbox 1199 669 1327 746; x_wconf 78' lang='grc' dir='ltr'>μυριάδας</span> <span class='ocrx_word' id='word_1_41' title='bbox 1347 669 1420 740; x_wconf 74' lang='grc' dir='ltr'>δέκα,</span> <span class='ocrx_word' id='word_1_42' title='bbox 1438 669 1484 728; x_wconf 82' lang='grc' dir='ltr'>καὶ</span> <span class='ocrx_word' id='word_1_43' title='bbox 1505 673 1555 730; x_wconf 79' lang='grc' dir='ltr'>ἐνε-</span> 
     </span>
     <span class='ocr_line' id='line_1_5' title="bbox 218 755 1554 837; baseline 0.001 -23"><span class='ocrx_word' id='word_1_44' title='bbox 218 763 308 830; x_wconf 86' lang='lat' dir='ltr'><strong><em>spatia</em></strong></span> <span class='ocrx_word' id='word_1_45' title='bbox 331 762 420 812; x_wconf 85' lang='lat' dir='ltr'><strong><em>multa</em></strong></span> <span class='ocrx_word' id='word_1_46' title='bbox 447 765 479 812; x_wconf 82' lang='lat' dir='ltr'><strong><em>ir</em></strong></span> <span class='ocrx_word' id='word_1_47' title='bbox 506 764 550 813; x_wconf 85' lang='lat' dir='ltr'><strong><em>die</em></strong></span> <span class='ocrx_word' id='word_1_48' title='bbox 574 763 627 813; x_wconf 84' lang='lat' dir='ltr'><strong><em>itta</em></strong></span> <span class='ocrx_word' id='word_1_49' title='bbox 652 771 676 812; x_wconf 87' lang='lat' dir='ltr'><strong><em>ct</em></strong></span> <span class='ocrx_word' id='word_1_50' title='bbox 701 763 829 813; x_wconf 84' lang='lat' dir='ltr'><strong><em>liberare·</em></strong></span> <span class='ocrx_word' id='word_1_51' title='bbox 873 759 988 837; x_wconf 83' lang='grc' dir='ltr'>πύρισαν</span> <span class='ocrx_word' id='word_1_52' title='bbox 1002 755 1050 828; x_wconf 78' lang='grc' dir='ltr'><strong><em>τὴν</em></strong></span> <span class='ocrx_word' id='word_1_53' title='bbox 1065 759 1142 816; x_wconf 84' lang='grc' dir='ltr'>πόλιν</span> <span class='ocrx_word' id='word_1_54' title='bbox 1157 757 1203 816; x_wconf 80' lang='grc' dir='ltr'>καὶ</span> <span class='ocrx_word' id='word_1_55' title='bbox 1218 755 1451 817; x_wconf 66' lang='lat' dir='ltr'><strong><em>litterararum</em></strong></span> <span class='ocrx_word' id='word_1_56' title='bbox 1467 759 1554 816; x_wconf 83' lang='grc' dir='ltr'>πολλὰ</span> 
     </span>
     <span class='ocr_line' id='line_1_6' title="bbox 218 845 1555 927; baseline 0.001 -23"><span class='ocrx_word' id='word_1_57' title='bbox 218 861 284 904; x_wconf 84' lang='lat' dir='ltr'><strong><em>ruat</em></strong></span> <span class='ocrx_word' id='word_1_58' title='bbox 303 866 402 916; x_wconf 80' lang='lat' dir='ltr'><strong><em>repere.</em></strong></span> <span class='ocrx_word' id='word_1_59' title='bbox 426 851 470 902; x_wconf 84' lang='lat' dir='ltr'><strong><em>ta.</em></strong></span> <span class='ocrx_word' id='word_1_60' title='bbox 491 852 525 901; x_wconf 83' lang='lat' dir='ltr'><strong><em>Et</em></strong></span> <span class='ocrx_word' id='word_1_61' title='bbox 541 851 669 902; x_wconf 81' lang='lat' dir='ltr'><strong><em>ciderunt</em></strong></span> <span class='ocrx_word' id='word_1_62' title='bbox 686 854 733 915; x_wconf 83' lang='lat' dir='ltr'><strong><em>qui</em></strong></span> <span class='ocrx_word' id='word_1_63' title='bbox 752 859 828 901; x_wconf 79' lang='lat' dir='ltr'><strong><em>eraut</em></strong></span> <span class='ocrx_word' id='word_1_64' title='bbox 872 851 898 905; x_wconf 82' lang='grc' dir='ltr'><strong><em>ἐν</em></strong></span> <span class='ocrx_word' id='word_1_65' title='bbox 924 847 1009 925; x_wconf 80' lang='grc' dir='ltr'>ἐκείνῃ</span> <span class='ocrx_word' id='word_1_66' title='bbox 1031 850 1065 924; x_wconf 78' lang='grc' dir='ltr'><strong><em>τῇ</em></strong></span> <span class='ocrx_word' id='word_1_67' title='bbox 1084 847 1174 926; x_wconf 73' lang='grc' dir='ltr'>ἡμέρα</span> <span class='ocrx_word' id='word_1_68' title='bbox 1197 846 1243 904; x_wconf 76' lang='grc' dir='ltr'>καὶ</span> <span class='ocrx_word' id='word_1_69' title='bbox 1267 847 1371 906; x_wconf 80' lang='grc' dir='ltr'><strong>ἔσωσαν</strong></span> <span class='ocrx_word' id='word_1_70' title='bbox 1398 845 1443 906; x_wconf 77' lang='grc' dir='ltr'><strong><em>τὸν</em></strong></span> <span class='ocrx_word' id='word_1_71' title='bbox 1471 852 1555 927; x_wconf 84' lang='grc' dir='ltr'>βασι-</span> 
     </span>
     <span class='ocr_line' id='line_1_7' title="bbox 219 933 1555 1006; baseline 0.001 -14"><span class='ocrx_word' id='word_1_72' title='bbox 219 945 251 992; x_wconf 91' lang='lat' dir='ltr'><strong><em>de</em></strong></span> <span class='ocrx_word' id='word_1_73' title='bbox 273 941 393 1000; x_wconf 78' lang='lat' dir='ltr'><strong><em>ciuitate,</em></strong></span> <span class='ocrx_word' id='word_1_74' title='bbox 424 941 494 1002; x_wconf 86' lang='lat' dir='ltr'><strong><em>quod</em></strong></span> <span class='ocrx_word' id='word_1_75' title='bbox 525 941 705 990; x_wconf 80' lang='lat' dir='ltr'><strong><em>obtinuissent</em></strong></span> <span class='ocrx_word' id='word_1_76' title='bbox 735 942 828 990; x_wconf 83' lang='lat' dir='ltr'><strong><em>ludaei</em></strong></span> <span class='ocrx_word' id='word_1_77' title='bbox 872 936 932 996; x_wconf 83' lang='grc' dir='ltr'>λέα,</span> <span class='ocrx_word' id='word_1_78' title='bbox 958 939 1008 996; x_wconf 70' lang='grc'><strong><em>49.</em></strong></span> <span class='ocrx_word' id='word_1_79' title='bbox 1026 933 1078 994; x_wconf 82' lang='lat' dir='ltr'><strong><em>Kal</em></strong></span> <span class='ocrx_word' id='word_1_80' title='bbox 1103 933 1159 993; x_wconf 83' lang='grc' dir='ltr'>ἴδον</span> <span class='ocrx_word' id='word_1_81' title='bbox 1182 937 1207 993; x_wconf 84' lang='lat' dir='ltr'><strong><em>oi</em></strong></span> <span class='ocrx_word' id='word_1_82' title='bbox 1235 933 1288 992; x_wconf 76' lang='lat' dir='ltr'><strong><em>tet</em></strong></span> <span class='ocrx_word' id='word_1_83' title='bbox 1311 941 1358 1006; x_wconf 81' lang='grc' dir='ltr'><strong><em>τῆς</em></strong></span> <span class='ocrx_word' id='word_1_84' title='bbox 1388 936 1490 1003; x_wconf 78' lang='grc' dir='ltr'>πόλεως</span> <span class='ocrx_word' id='word_1_85' title='bbox 1515 935 1555 994; x_wconf 77' lang='grc' dir='ltr'><strong><em>ὅτι</em></strong></span> 
     </span>
     <span class='ocr_line' id='line_1_8' title="bbox 219 1023 1555 1101; baseline 0.001 -20"><span class='ocrx_word' id='word_1_86' title='bbox 219 1031 366 1089; x_wconf 79' lang='lat' dir='ltr'><strong><em>ciuitatem,</em></strong></span> <span class='ocrx_word' id='word_1_87' title='bbox 393 1030 462 1078; x_wconf 86' lang='lat' dir='ltr'><strong><em>sieut</em></strong></span> <span class='ocrx_word' id='word_1_88' title='bbox 487 1028 622 1089; x_wconf 84' lang='lat' dir='ltr'><strong><em>uolebant,</em></strong></span> <span class='ocrx_word' id='word_1_89' title='bbox 648 1038 672 1079; x_wconf 92' lang='lat' dir='ltr'><strong><em>et</em></strong></span> <span class='ocrx_word' id='word_1_90' title='bbox 695 1030 829 1093; x_wconf 73' lang='lat' dir='ltr'><strong><em>infirmati</em></strong></span> <span class='ocrx_word' id='word_1_91' title='bbox 872 1025 1076 1101; x_wconf 73' lang='grc' dir='ltr'>κατεκράτησαν</span> <span class='ocrx_word' id='word_1_92' title='bbox 1104 1025 1127 1082; x_wconf 82' lang='lat' dir='ltr'><strong><em>ol</em></strong></span> <span class='ocrx_word' id='word_1_93' title='bbox 1156 1023 1281 1084; x_wconf 82' lang='grc' dir='ltr'>Ἰουδαῖοι</span> <span class='ocrx_word' id='word_1_94' title='bbox 1310 1027 1359 1094; x_wconf 72' lang='grc' dir='ltr'><strong><em>τῆς</em></strong></span> <span class='ocrx_word' id='word_1_95' title='bbox 1385 1024 1489 1091; x_wconf 84' lang='grc' dir='ltr'>πόλεως</span> <span class='ocrx_word' id='word_1_96' title='bbox 1519 1029 1555 1092; x_wconf 82' lang='grc' dir='ltr'><strong><em>ὡς</em></strong></span> 
     </span>
     <span class='ocr_line' id='line_1_9' title="bbox 219 1110 1553 1184; baseline 0 -14"><span class='ocrx_word' id='word_1_97' title='bbox 219 1127 282 1170; x_wconf 85' lang='lat' dir='ltr'><strong><em>suut</em></strong></span> <span class='ocrx_word' id='word_1_98' title='bbox 311 1125 399 1168; x_wconf 73' lang='lat' dir='ltr'><strong><em>merite</em></strong></span> <span class='ocrx_word' id='word_1_99' title='bbox 430 1133 481 1166; x_wconf 80' lang='lat' dir='ltr'><strong><em>erra</em></strong></span> <span class='ocrx_word' id='word_1_100' title='bbox 513 1126 537 1168; x_wconf 87' lang='lat' dir='ltr'><strong><em>et</em></strong></span> <span class='ocrx_word' id='word_1_101' title='bbox 576 1119 761 1168; x_wconf 78' lang='lat' dir='ltr'><strong><em>clamaverunt</em></strong></span> <span class='ocrx_word' id='word_1_102' title='bbox 794 1119 829 1167; x_wconf 87' lang='lat' dir='ltr'><strong><em>ad</em></strong></span> <span class='ocrx_word' id='word_1_103' title='bbox 872 1110 1018 1184; x_wconf 77' lang='grc' dir='ltr'>ἠὸσάλσντο</span> <span class='ocrx_word' id='word_1_104' title='bbox 1038 1111 1084 1171; x_wconf 78' lang='grc' dir='ltr'>καὶ</span> <span class='ocrx_word' id='word_1_105' title='bbox 1105 1111 1255 1182; x_wconf 79' lang='grc' dir='ltr'>ἧσθάνησαν</span> <span class='ocrx_word' id='word_1_106' title='bbox 1278 1112 1336 1179; x_wconf 82' lang='grc' dir='ltr'>ταῖς</span> <span class='ocrx_word' id='word_1_107' title='bbox 1359 1113 1486 1178; x_wconf 72' lang='grc' dir='ltr'>διανοίαις</span> <span class='ocrx_word' id='word_1_108' title='bbox 1506 1115 1553 1170; x_wconf 84' lang='grc' dir='ltr'>αὖ·</span> 
     </span>
     <span class='ocr_line' id='line_1_10' title="bbox 219 1198 1555 1280; baseline 0 -22"><span class='ocrx_word' id='word_1_109' title='bbox 219 1222 307 1272; x_wconf 75' lang='lat' dir='ltr'><strong><em>sepem</em></strong></span> <span class='ocrx_word' id='word_1_110' title='bbox 333 1222 392 1257; x_wconf 86' lang='lat' dir='ltr'><strong><em>eum</em></strong></span> <span class='ocrx_word' id='word_1_111' title='bbox 413 1208 536 1272; x_wconf 77' lang='lat' dir='ltr'><strong><em>precibus</em></strong></span> <span class='ocrx_word' id='word_1_112' title='bbox 557 1207 672 1256; x_wconf 85' lang='lat' dir='ltr'><strong><em>diceutes</em></strong></span> <span class='ocrx_word' id='word_1_113' title='bbox 693 1221 701 1256; x_wconf 91' lang='lat'><em>:</em></span> <span class='ocrx_word' id='word_1_114' title='bbox 723 1207 767 1257; x_wconf 79' lang='lat'><strong><em>50.</em></strong></span> <span class='ocrx_word' id='word_1_115' title='bbox 789 1209 829 1256; x_wconf 90' lang='lat' dir='ltr'><strong><em>Da</em></strong></span> <span class='ocrx_word' id='word_1_116' title='bbox 872 1206 937 1275; x_wconf 77' lang='grc' dir='ltr'>τῶν,</span> <span class='ocrx_word' id='word_1_117' title='bbox 958 1201 1004 1260; x_wconf 81' lang='grc' dir='ltr'>καλ</span> <span class='ocrx_word' id='word_1_118' title='bbox 1026 1198 1170 1278; x_wconf 77' lang='grc' dir='ltr'>ἐκέκραξαν</span> <span class='ocrx_word' id='word_1_119' title='bbox 1197 1199 1262 1278; x_wconf 81' lang='grc' dir='ltr'>πρὸς</span> <span class='ocrx_word' id='word_1_120' title='bbox 1285 1200 1329 1259; x_wconf 82' lang='grc' dir='ltr'><strong><em>τὸν</em></strong></span> <span class='ocrx_word' id='word_1_121' title='bbox 1353 1200 1464 1280; x_wconf 82' lang='grc' dir='ltr'>βασιλέα</span> <span class='ocrx_word' id='word_1_122' title='bbox 1486 1201 1555 1278; x_wconf 50' lang='grc' dir='ltr'><strong><em>μετὰ</em></strong></span> 
     </span>
     <span class='ocr_line' id='line_1_11' title="bbox 219 1288 1554 1368; baseline 0.001 -22"><span class='ocrx_word' id='word_1_123' title='bbox 219 1298 298 1347; x_wconf 78' lang='lat' dir='ltr'><strong><em>uobis</em></strong></span> <span class='ocrx_word' id='word_1_124' title='bbox 327 1297 444 1356; x_wconf 78' lang='lat' dir='ltr'><strong><em>dextras,</em></strong></span> <span class='ocrx_word' id='word_1_125' title='bbox 471 1305 495 1345; x_wconf 86' lang='lat' dir='ltr'><strong><em>et</em></strong></span> <span class='ocrx_word' id='word_1_126' title='bbox 515 1302 613 1345; x_wconf 75' lang='lat' dir='ltr'><strong><em>cesserit</em></strong></span> <span class='ocrx_word' id='word_1_127' title='bbox 633 1297 727 1346; x_wconf 81' lang='lat' dir='ltr'><strong><em>ludaei</em></strong></span> <span class='ocrx_word' id='word_1_128' title='bbox 741 1310 828 1361; x_wconf 88' lang='lat' dir='ltr'><strong><em>oppu-</em></strong></span> <span class='ocrx_word' id='word_1_129' title='bbox 874 1290 988 1361; x_wconf 76' lang='grc' dir='ltr'>δεήσιινς</span> <span class='ocrx_word' id='word_1_130' title='bbox 1007 1289 1137 1367; x_wconf 78' lang='grc' dir='ltr'>λέγοντες·</span> <span class='ocrx_word' id='word_1_131' title='bbox 1162 1290 1212 1351; x_wconf 81' lang='lat'><strong><em>50.</em></strong></span> <span class='ocrx_word' id='word_1_132' title='bbox 1239 1290 1281 1356; x_wconf 82' lang='grc' dir='ltr'><strong><em>δὸς</em></strong></span> <span class='ocrx_word' id='word_1_133' title='bbox 1307 1293 1371 1368; x_wconf 74' lang='grc' dir='ltr'>ἡμῖν</span> <span class='ocrx_word' id='word_1_134' title='bbox 1396 1288 1482 1357; x_wconf 76' lang='grc' dir='ltr'>δεξιὰς</span> <span class='ocrx_word' id='word_1_135' title='bbox 1507 1291 1554 1348; x_wconf 78' lang='grc' dir='ltr'>καὶ</span> 
     </span>
     <span class='ocr_line' id='line_1_12' title="bbox 220 1378 1555 1455; baseline 0.002 -21"><span class='ocrx_word' id='word_1_136' title='bbox 220 1399 304 1448; x_wconf 78' lang='lat' dir='ltr'><strong><em>¹quare</em></strong></span> <span class='ocrx_word' id='word_1_137' title='bbox 325 1399 375 1435; x_wconf 87' lang='lat' dir='ltr'><strong><em>uos</em></strong></span> <span class='ocrx_word' id='word_1_138' title='bbox 389 1391 413 1434; x_wconf 90' lang='lat' dir='ltr'><strong><em>et</em></strong></span> <span class='ocrx_word' id='word_1_139' title='bbox 430 1386 577 1435; x_wconf 84' lang='lat' dir='ltr'><strong><em>ciuitatem.</em></strong></span> <span class='ocrx_word' id='word_1_140' title='bbox 600 1385 644 1434; x_wconf 78' lang='lat'><strong><em>51.</em></strong></span> <span class='ocrx_word' id='word_1_141' title='bbox 662 1385 695 1433; x_wconf 80' lang='lat' dir='ltr'><strong><em>Et</em></strong></span> <span class='ocrx_word' id='word_1_142' title='bbox 708 1386 828 1450; x_wconf 83' lang='lat' dir='ltr'><strong><em>proicer·</em></strong></span> <span class='ocrx_word' id='word_1_143' title='bbox 874 1378 1071 1438; x_wconf 81' lang='grc' dir='ltr'>παυσάσθωσαν</span> <span class='ocrx_word' id='word_1_144' title='bbox 1092 1383 1116 1438; x_wconf 85' lang='lat' dir='ltr'><strong><em>ol</em></strong></span> <span class='ocrx_word' id='word_1_145' title='bbox 1137 1378 1263 1439; x_wconf 87' lang='grc' dir='ltr'>Ἰουδαῖοι</span> <span class='ocrx_word' id='word_1_146' title='bbox 1284 1380 1461 1454; x_wconf 67' lang='grc' dir='ltr'>πολεμοῦντες</span> <span class='ocrx_word' id='word_1_147' title='bbox 1484 1383 1555 1455; x_wconf 79' lang='grc' dir='ltr'>ἡμᾶς</span> 
     </span>
     <span class='ocr_line' id='line_1_13' title="bbox 220 1465 1555 1547; baseline -0.001 -22"><span class='ocrx_word' id='word_1_148' title='bbox 220 1481 284 1525; x_wconf 86' lang='lat' dir='ltr'><strong><em>ruat</em></strong></span> <span class='ocrx_word' id='word_1_149' title='bbox 307 1488 386 1523; x_wconf 83' lang='lat' dir='ltr'><strong><em>arma</em></strong></span> <span class='ocrx_word' id='word_1_150' title='bbox 413 1487 464 1523; x_wconf 89' lang='lat' dir='ltr'><strong><em>sua</em></strong></span> <span class='ocrx_word' id='word_1_151' title='bbox 501 1480 525 1522; x_wconf 90' lang='lat' dir='ltr'><strong><em>et</em></strong></span> <span class='ocrx_word' id='word_1_152' title='bbox 548 1473 668 1537; x_wconf 69' lang='lat' dir='ltr'><strong><em>{cremat</em></strong></span> <span class='ocrx_word' id='word_1_153' title='bbox 693 1487 785 1538; x_wconf 79' lang='lat' dir='ltr'><strong><em>pacem</em></strong></span> <span class='ocrx_word' id='word_1_154' title='bbox 805 1482 829 1522; x_wconf 88' lang='lat' dir='ltr'><strong><em>et</em></strong></span> <span class='ocrx_word' id='word_1_155' title='bbox 873 1467 920 1526; x_wconf 82' lang='grc' dir='ltr'>καὶ</span> <span class='ocrx_word' id='word_1_156' title='bbox 943 1466 991 1537; x_wconf 79' lang='grc' dir='ltr'><strong><em>τὴν</em></strong></span> <span class='ocrx_word' id='word_1_157' title='bbox 1015 1466 1104 1527; x_wconf 81' lang='grc' dir='ltr'>πάλιν.</span> <span class='ocrx_word' id='word_1_158' title='bbox 1133 1468 1181 1526; x_wconf 79' lang='grc'><strong><em>51.</em></strong></span> <span class='ocrx_word' id='word_1_159' title='bbox 1210 1467 1262 1524; x_wconf 85' lang='grc' dir='ltr'>Καλ</span> <span class='ocrx_word' id='word_1_160' title='bbox 1290 1465 1400 1547; x_wconf 70' lang='grc' dir='ltr'>ἔρριψαν</span> <span class='ocrx_word' id='word_1_161' title='bbox 1426 1467 1460 1526; x_wconf 73' lang='grc' dir='ltr'><strong><em>τά</em></strong></span> <span class='ocrx_word' id='word_1_162' title='bbox 1484 1465 1555 1525; x_wconf 81' lang='grc' dir='ltr'>ὅπλα</span> 
     </span>
     <span class='ocr_line' id='line_1_14' title="bbox 219 1553 1554 1633; baseline 0.001 -20"><span class='ocrx_word' id='word_1_163' title='bbox 219 1563 367 1628; x_wconf 68' lang='lat' dir='ltr'><strong><em>clarificati</em></strong></span> <span class='ocrx_word' id='word_1_164' title='bbox 379 1570 442 1612; x_wconf 82' lang='lat' dir='ltr'><strong><em>suat</em></strong></span> <span class='ocrx_word' id='word_1_165' title='bbox 455 1563 550 1611; x_wconf 85' lang='lat' dir='ltr'><strong><em>ludaei</em></strong></span> <span class='ocrx_word' id='word_1_166' title='bbox 562 1563 594 1611; x_wconf 87' lang='lat' dir='ltr'><strong><em>ire</em></strong></span> <span class='ocrx_word' id='word_1_167' title='bbox 608 1570 746 1627; x_wconf 76' lang='lat' dir='ltr'><strong><em>eorupectu</em></strong></span> <span class='ocrx_word' id='word_1_168' title='bbox 757 1565 829 1626; x_wconf 80' lang='lat' dir='ltr'><strong><em>repis</em></strong></span> <span class='ocrx_word' id='word_1_169' title='bbox 874 1557 920 1614; x_wconf 84' lang='grc' dir='ltr'>καὶ</span> <span class='ocrx_word' id='word_1_170' title='bbox 944 1553 1072 1627; x_wconf 71' lang='grc' dir='ltr'>ἐποίησαν</span> <span class='ocrx_word' id='word_1_171' title='bbox 1105 1557 1222 1633; x_wconf 67' lang='lat' dir='ltr'><strong><em>ciprii-ar,</em></strong></span> <span class='ocrx_word' id='word_1_172' title='bbox 1252 1555 1299 1614; x_wconf 81' lang='lat' dir='ltr'><strong><em>uei</em></strong></span> <span class='ocrx_word' id='word_1_173' title='bbox 1328 1553 1507 1626; x_wconf 78' lang='grc' dir='ltr'>ἐδοξάσθησαν</span> <span class='ocrx_word' id='word_1_174' title='bbox 1530 1558 1554 1614; x_wconf 81' lang='grc' dir='ltr'><strong><em>οἱ</em></strong></span> 
     </span>
     <span class='ocr_line' id='line_1_15' title="bbox 219 1642 1554 1720; baseline 0.001 -19"><span class='ocrx_word' id='word_1_175' title='bbox 219 1659 244 1702; x_wconf 88' lang='lat' dir='ltr'><strong><em>et</em></strong></span> <span class='ocrx_word' id='word_1_176' title='bbox 261 1654 293 1701; x_wconf 84' lang='lat' dir='ltr'><strong><em>iu</em></strong></span> <span class='ocrx_word' id='word_1_177' title='bbox 318 1658 457 1716; x_wconf 83' lang='lat' dir='ltr'><strong><em>conspectu</em></strong></span> <span class='ocrx_word' id='word_1_178' title='bbox 480 1652 600 1700; x_wconf 80' lang='lat' dir='ltr'><strong><em>omnium</em></strong></span> <span class='ocrx_word' id='word_1_179' title='bbox 624 1653 671 1715; x_wconf 80' lang='lat' dir='ltr'><strong><em>qui</em></strong></span> <span class='ocrx_word' id='word_1_180' title='bbox 697 1658 776 1701; x_wconf 83' lang='lat' dir='ltr'><strong><em>eraut</em></strong></span> <span class='ocrx_word' id='word_1_181' title='bbox 798 1654 829 1700; x_wconf 84' lang='lat' dir='ltr'><strong><em>iu</em></strong></span> <span class='ocrx_word' id='word_1_182' title='bbox 874 1645 998 1704; x_wconf 81' lang='grc' dir='ltr'>Ἰουδαῖοι</span> <span class='ocrx_word' id='word_1_183' title='bbox 1029 1642 1145 1704; x_wconf 76' lang='grc' dir='ltr'>ἐναντίαν</span> <span class='ocrx_word' id='word_1_184' title='bbox 1176 1651 1223 1703; x_wconf 82' lang='grc' dir='ltr'><strong><em>τοῦ</em></strong></span> <span class='ocrx_word' id='word_1_185' title='bbox 1254 1643 1385 1720; x_wconf 74' lang='grc' dir='ltr'>βασιλέως</span> <span class='ocrx_word' id='word_1_186' title='bbox 1412 1645 1458 1702; x_wconf 80' lang='lat' dir='ltr'><strong><em>xal</em></strong></span> <span class='ocrx_word' id='word_1_187' title='bbox 1486 1642 1554 1702; x_wconf 76' lang='grc' dir='ltr'>ἰνώ-</span> 
     </span>
     <span class='ocr_line' id='line_1_16' title="bbox 220 1731 1555 1814; baseline 0 -24"><span class='ocrx_word' id='word_1_188' title='bbox 220 1754 304 1804; x_wconf 77' lang='lat' dir='ltr'><strong><em>repua</em></strong></span> <span class='ocrx_word' id='word_1_189' title='bbox 317 1742 375 1790; x_wconf 86' lang='lat' dir='ltr'><strong><em>eius</em></strong></span> <span class='ocrx_word' id='word_1_190' title='bbox 390 1747 415 1789; x_wconf 90' lang='lat' dir='ltr'><strong><em>ct</em></strong></span> <span class='ocrx_word' id='word_1_191' title='bbox 439 1741 578 1790; x_wconf 77' lang='lat' dir='ltr'><strong><em>nominati</em></strong></span> <span class='ocrx_word' id='word_1_192' title='bbox 601 1747 664 1790; x_wconf 83' lang='lat' dir='ltr'><strong><em>suat</em></strong></span> <span class='ocrx_word' id='word_1_193' title='bbox 685 1742 716 1790; x_wconf 84' lang='lat' dir='ltr'><strong><em>iu</em></strong></span> <span class='ocrx_word' id='word_1_194' title='bbox 730 1754 826 1804; x_wconf 66' lang='lat' dir='ltr'><strong><em>repam</em></strong></span> <span class='ocrx_word' id='word_1_195' title='bbox 873 1756 933 1792; x_wconf 86' lang='grc' dir='ltr'>πιον</span> <span class='ocrx_word' id='word_1_196' title='bbox 952 1731 1058 1792; x_wconf 83' lang='grc' dir='ltr'>πάντων</span> <span class='ocrx_word' id='word_1_197' title='bbox 1076 1735 1135 1798; x_wconf 74' lang='grc' dir='ltr'><strong><em>τιίἰνΙ</em></strong></span> <span class='ocrx_word' id='word_1_198' title='bbox 1152 1734 1178 1789; x_wconf 80' lang='grc' dir='ltr'><strong><em>ἐν</em></strong></span> <span class='ocrx_word' id='word_1_199' title='bbox 1198 1738 1232 1814; x_wconf 83' lang='grc' dir='ltr'><strong><em>τῇ</em></strong></span> <span class='ocrx_word' id='word_1_200' title='bbox 1254 1733 1378 1814; x_wconf 68' lang='grc' dir='ltr'>βασιλείᾳ</span> <span class='ocrx_word' id='word_1_201' title='bbox 1399 1734 1489 1806; x_wconf 77' lang='grc' dir='ltr'>αὐτοῦ,</span> <span class='ocrx_word' id='word_1_202' title='bbox 1509 1733 1555 1792; x_wconf 83' lang='grc' dir='ltr'>καὶ</span> 
     </span>
     <span class='ocr_line' id='line_1_17' title="bbox 221 1819 1554 1903; baseline 0 -25"><span class='ocrx_word' id='word_1_203' title='bbox 221 1837 245 1879; x_wconf 86' lang='lat' dir='ltr'><strong><em>et</em></strong></span> <span class='ocrx_word' id='word_1_204' title='bbox 261 1831 375 1892; x_wconf 77' lang='lat' dir='ltr'><strong><em>repressi</em></strong></span> <span class='ocrx_word' id='word_1_205' title='bbox 397 1836 461 1879; x_wconf 86' lang='lat' dir='ltr'><strong><em>suut</em></strong></span> <span class='ocrx_word' id='word_1_206' title='bbox 485 1830 517 1878; x_wconf 90' lang='lat' dir='ltr'><strong><em>iu</em></strong></span> <span class='ocrx_word' id='word_1_207' title='bbox 541 1828 688 1879; x_wconf 75' lang='lat' dir='ltr'><strong><em>Ierusalem</em></strong></span> <span class='ocrx_word' id='word_1_208' title='bbox 702 1829 828 1878; x_wconf 73' lang='lat' dir='ltr'><strong><em>habentes</em></strong></span> <span class='ocrx_word' id='word_1_209' title='bbox 874 1821 1041 1903; x_wconf 75' lang='grc' dir='ltr'>ἐπέστρεψαν</span> <span class='ocrx_word' id='word_1_210' title='bbox 1072 1823 1110 1889; x_wconf 80' lang='grc' dir='ltr'><strong><em>εἷς</em></strong></span> <span class='ocrx_word' id='word_1_211' title='bbox 1135 1819 1313 1900; x_wconf 76' lang='grc' dir='ltr'>Ἰερουσαλὴμ</span> <span class='ocrx_word' id='word_1_212' title='bbox 1338 1823 1444 1900; x_wconf 77' lang='grc' dir='ltr'>ἔχοντες</span> <span class='ocrx_word' id='word_1_213' title='bbox 1469 1825 1554 1880; x_wconf 79' lang='grc' dir='ltr'>σκῦλα</span> 
     </span>
     <span class='ocr_line' id='line_1_18' title="bbox 220 1910 972 1984; baseline -0.004 -15"><span class='ocrx_word' id='word_1_214' title='bbox 220 1918 311 1984; x_wconf 80' lang='lat' dir='ltr'><strong><em>spolia</em></strong></span> <span class='ocrx_word' id='word_1_215' title='bbox 325 1917 422 1967; x_wconf 88' lang='lat' dir='ltr'><strong><em>multa.</em></strong></span> <span class='ocrx_word' id='word_1_216' title='bbox 874 1910 972 1969; x_wconf 84' lang='grc' dir='ltr'>πολλά.</span> 
     </span>
    </p>

    <p class='ocr_par' dir='ltr' id='par_1_3' title="bbox 220 1997 1556 2609">
     <span class='ocr_line' id='line_1_19' title="bbox 258 1997 1556 2078; baseline -0.001 -21"><span class='ocrx_word' id='word_1_217' title='bbox 258 2008 301 2058; x_wconf 73' lang='lat'><strong><em>52.</em></strong></span> <span class='ocrx_word' id='word_1_218' title='bbox 327 2008 361 2056; x_wconf 87' lang='lat' dir='ltr'><strong><em>Et</em></strong></span> <span class='ocrx_word' id='word_1_219' title='bbox 387 2007 457 2056; x_wconf 87' lang='lat' dir='ltr'><strong><em>sedit</em></strong></span> <span class='ocrx_word' id='word_1_220' title='bbox 480 2009 628 2056; x_wconf 85' lang='lat' dir='ltr'><strong><em>Demetrius</em></strong></span> <span class='ocrx_word' id='word_1_221' title='bbox 653 2020 699 2056; x_wconf 85' lang='lat' dir='ltr'><strong><em>rea</em></strong></span> <span class='ocrx_word' id='word_1_222' title='bbox 718 2009 749 2056; x_wconf 86' lang='lat' dir='ltr'><strong><em>iu</em></strong></span> <span class='ocrx_word' id='word_1_223' title='bbox 769 2008 829 2056; x_wconf 87' lang='lat' dir='ltr'><strong><em>sede</em></strong></span> <span class='ocrx_word' id='word_1_224' title='bbox 916 2000 965 2060; x_wconf 72' lang='lat'><strong><em>52.</em></strong></span> <span class='ocrx_word' id='word_1_225' title='bbox 993 1998 1049 2059; x_wconf 84' lang='grc' dir='ltr'>Καὶ</span> <span class='ocrx_word' id='word_1_226' title='bbox 1077 1999 1184 2058; x_wconf 77' lang='grc' dir='ltr'>ἐκάθισε</span> <span class='ocrx_word' id='word_1_227' title='bbox 1212 1997 1366 2078; x_wconf 81' lang='grc' dir='ltr'>Δημήτριος</span> <span class='ocrx_word' id='word_1_228' title='bbox 1391 2001 1405 2056; x_wconf 86' lang='grc' dir='ltr'>ὁ</span> <span class='ocrx_word' id='word_1_229' title='bbox 1434 1997 1556 2077; x_wconf 76' lang='grc' dir='ltr'>βασιλεὺς</span> 
     </span>
     <span class='ocr_line' id='line_1_20' title="bbox 221 2085 1555 2167; baseline -0.001 -20"><span class='ocrx_word' id='word_1_230' title='bbox 221 2098 300 2159; x_wconf 75' lang='lat' dir='ltr'><strong><em>rapui</em></strong></span> <span class='ocrx_word' id='word_1_231' title='bbox 323 2097 367 2146; x_wconf 85' lang='lat' dir='ltr'><strong><em>sui</em></strong></span> <span class='ocrx_word' id='word_1_232' title='bbox 391 2102 415 2144; x_wconf 88' lang='lat' dir='ltr'><strong><em>et</em></strong></span> <span class='ocrx_word' id='word_1_233' title='bbox 438 2094 519 2144; x_wconf 85' lang='lat' dir='ltr'><strong><em>siluit</em></strong></span> <span class='ocrx_word' id='word_1_234' title='bbox 540 2102 614 2145; x_wconf 87' lang='lat' dir='ltr'><strong><em>terra</em></strong></span> <span class='ocrx_word' id='word_1_235' title='bbox 635 2096 667 2145; x_wconf 86' lang='lat' dir='ltr'><strong><em>iu</em></strong></span> <span class='ocrx_word' id='word_1_236' title='bbox 690 2102 828 2161; x_wconf 79' lang='lat' dir='ltr'><strong><em>conspectu</em></strong></span> <span class='ocrx_word' id='word_1_237' title='bbox 874 2087 919 2146; x_wconf 73' lang='lat' dir='ltr'><strong><em>tet</em></strong></span> <span class='ocrx_word' id='word_1_238' title='bbox 947 2085 1039 2167; x_wconf 83' lang='grc' dir='ltr'>θρόνου</span> <span class='ocrx_word' id='word_1_239' title='bbox 1069 2091 1116 2156; x_wconf 79' lang='grc' dir='ltr'><strong><em>τῆς</em></strong></span> <span class='ocrx_word' id='word_1_240' title='bbox 1146 2086 1286 2161; x_wconf 82' lang='grc' dir='ltr'>βασιλείας</span> <span class='ocrx_word' id='word_1_241' title='bbox 1315 2089 1394 2145; x_wconf 80' lang='grc' dir='ltr'>αὐτοῦ</span> <span class='ocrx_word' id='word_1_242' title='bbox 1416 2088 1462 2146; x_wconf 83' lang='grc' dir='ltr'>καὶ</span> <span class='ocrx_word' id='word_1_243' title='bbox 1488 2086 1555 2159; x_wconf 82' lang='grc' dir='ltr'>ἡσύ-</span> 
     </span>
     <span class='ocr_line' id='line_1_21' title="bbox 221 2169 1555 2256; baseline 0 -22"><span class='ocrx_word' id='word_1_244' title='bbox 221 2187 290 2234; x_wconf 84' lang='lat' dir='ltr'><strong><em>eius.</em></strong></span> <span class='ocrx_word' id='word_1_245' title='bbox 313 2184 357 2234; x_wconf 83' lang='lat'><strong><em>53.</em></strong></span> <span class='ocrx_word' id='word_1_246' title='bbox 381 2184 412 2233; x_wconf 79' lang='lat' dir='ltr'><strong><em>lit</em></strong></span> <span class='ocrx_word' id='word_1_247' title='bbox 433 2185 560 2234; x_wconf 78' lang='lat' dir='ltr'><strong><em>mentitus</em></strong></span> <span class='ocrx_word' id='word_1_248' title='bbox 584 2192 622 2234; x_wconf 86' lang='lat' dir='ltr'><strong><em>est</em></strong></span> <span class='ocrx_word' id='word_1_249' title='bbox 638 2185 730 2234; x_wconf 79' lang='lat' dir='ltr'><strong><em>omnia</em></strong></span> <span class='ocrx_word' id='word_1_250' title='bbox 745 2199 828 2247; x_wconf 83' lang='lat' dir='ltr'><strong><em>quae·</em></strong></span> <span class='ocrx_word' id='word_1_251' title='bbox 873 2199 957 2256; x_wconf 86' lang='grc' dir='ltr'>χασεν</span> <span class='ocrx_word' id='word_1_252' title='bbox 979 2179 995 2245; x_wconf 82' lang='grc' dir='ltr'><strong>ἡ</strong></span> <span class='ocrx_word' id='word_1_253' title='bbox 1016 2179 1051 2251; x_wconf 80' lang='grc' dir='ltr'><strong><em>γῆ</em></strong></span> <span class='ocrx_word' id='word_1_254' title='bbox 1078 2175 1187 2236; x_wconf 72' lang='grc' dir='ltr'>ἐνώπιον</span> <span class='ocrx_word' id='word_1_255' title='bbox 1215 2169 1305 2238; x_wconf 70' lang='lat' dir='ltr'><strong><em>adiab.</em></strong></span> <span class='ocrx_word' id='word_1_256' title='bbox 1333 2178 1382 2236; x_wconf 79' lang='lat'><strong><em>53.</em></strong></span> <span class='ocrx_word' id='word_1_257' title='bbox 1399 2176 1453 2234; x_wconf 69' lang='grc' dir='ltr'>Καὶ</span> <span class='ocrx_word' id='word_1_258' title='bbox 1478 2175 1555 2256; x_wconf 77' lang='grc' dir='ltr'>ἐψεύ-</span> 
     </span>
     <span class='ocr_line' id='line_1_22' title="bbox 221 2256 1554 2344; baseline -0.001 -21"><span class='ocrx_word' id='word_1_259' title='bbox 221 2288 330 2336; x_wconf 78' lang='lat' dir='ltr'><strong><em>eumque</em></strong></span> <span class='ocrx_word' id='word_1_260' title='bbox 352 2273 432 2331; x_wconf 78' lang='lat' dir='ltr'><strong><em>dicit,</em></strong></span> <span class='ocrx_word' id='word_1_261' title='bbox 460 2280 485 2322; x_wconf 93' lang='lat' dir='ltr'><strong><em>et</em></strong></span> <span class='ocrx_word' id='word_1_262' title='bbox 508 2273 678 2324; x_wconf 75' lang='lat' dir='ltr'><strong><em>abalienavit</em></strong></span> <span class='ocrx_word' id='word_1_263' title='bbox 698 2287 723 2322; x_wconf 88' lang='lat' dir='ltr'><strong><em>se</em></strong></span> <span class='ocrx_word' id='word_1_264' title='bbox 748 2288 766 2322; x_wconf 92' lang='lat' dir='ltr'><strong><em>a</em></strong></span> <span class='ocrx_word' id='word_1_265' title='bbox 788 2275 829 2322; x_wconf 92' lang='lat' dir='ltr'><strong><em>lo-</em></strong></span> <span class='ocrx_word' id='word_1_266' title='bbox 875 2287 941 2322; x_wconf 89' lang='grc' dir='ltr'>σατο</span> <span class='ocrx_word' id='word_1_267' title='bbox 963 2263 1053 2322; x_wconf 83' lang='grc' dir='ltr'>πάντα</span> <span class='ocrx_word' id='word_1_268' title='bbox 1077 2263 1127 2322; x_wconf 78' lang='grc' dir='ltr'>ὅσα</span> <span class='ocrx_word' id='word_1_269' title='bbox 1153 2256 1223 2336; x_wconf 77' lang='grc' dir='ltr'>εἶπε,</span> <span class='ocrx_word' id='word_1_270' title='bbox 1249 2265 1295 2323; x_wconf 80' lang='grc' dir='ltr'>καὶ</span> <span class='ocrx_word' id='word_1_271' title='bbox 1322 2265 1487 2344; x_wconf 81' lang='grc' dir='ltr'>ἠλλοτριάιθη</span> <span class='ocrx_word' id='word_1_272' title='bbox 1516 2269 1554 2344; x_wconf 81' lang='grc' dir='ltr'><strong><em>τῷ</em></strong></span> 
     </span>
     <span class='ocr_line' id='line_1_23' title="bbox 220 2352 1554 2420; baseline -0.001 -9"><span class='ocrx_word' id='word_1_273' title='bbox 220 2363 307 2412; x_wconf 80' lang='lat' dir='ltr'><strong><em>notha</em></strong></span> <span class='ocrx_word' id='word_1_274' title='bbox 322 2369 346 2410; x_wconf 90' lang='lat' dir='ltr'><strong><em>et</em></strong></span> <span class='ocrx_word' id='word_1_275' title='bbox 365 2376 421 2411; x_wconf 80' lang='lat' dir='ltr'><strong><em>noa</em></strong></span> <span class='ocrx_word' id='word_1_276' title='bbox 439 2363 568 2412; x_wconf 75' lang='lat' dir='ltr'><strong><em>retribuit</em></strong></span> <span class='ocrx_word' id='word_1_277' title='bbox 587 2363 613 2411; x_wconf 90' lang='lat' dir='ltr'><strong><em>ei</em></strong></span> <span class='ocrx_word' id='word_1_278' title='bbox 628 2363 771 2412; x_wconf 85' lang='lat' dir='ltr'><strong><em>secundum</em></strong></span> <span class='ocrx_word' id='word_1_279' title='bbox 787 2363 828 2412; x_wconf 89' lang='lat' dir='ltr'><strong><em>be·</em></strong></span> <span class='ocrx_word' id='word_1_280' title='bbox 875 2352 1004 2411; x_wconf 82' lang='grc' dir='ltr'>Ἰωνάθαν</span> <span class='ocrx_word' id='word_1_281' title='bbox 1026 2353 1072 2411; x_wconf 82' lang='grc' dir='ltr'>καὶ</span> <span class='ocrx_word' id='word_1_282' title='bbox 1091 2356 1138 2412; x_wconf 84' lang='grc' dir='ltr'><strong><em>οὐκ</em></strong></span> <span class='ocrx_word' id='word_1_283' title='bbox 1159 2353 1332 2412; x_wconf 80' lang='grc' dir='ltr'>άνταπάδωκι</span> <span class='ocrx_word' id='word_1_284' title='bbox 1353 2357 1422 2410; x_wconf 85' lang='grc' dir='ltr'>κατὰ</span> <span class='ocrx_word' id='word_1_285' title='bbox 1444 2353 1490 2420; x_wconf 83' lang='grc' dir='ltr'><strong><em>τὰς</em></strong></span> <span class='ocrx_word' id='word_1_286' title='bbox 1512 2357 1554 2412; x_wconf 83' lang='grc' dir='ltr'><strong><em>εὖ·</em></strong></span> 
     </span>
     <span class='ocr_line' id='line_1_24' title="bbox 220 2439 1554 2522; baseline -0.001 -22"><span class='ocrx_word' id='word_1_287' title='bbox 220 2452 318 2522; x_wconf 70' lang='lat' dir='ltr'><strong><em>repieta</em></strong></span> <span class='ocrx_word' id='word_1_288' title='bbox 339 2451 480 2513; x_wconf 85' lang='lat' dir='ltr'><strong><em>quaesibi</em></strong></span> <span class='ocrx_word' id='word_1_289' title='bbox 501 2451 644 2517; x_wconf 79' lang='lat' dir='ltr'><strong><em>tribuerat,</em></strong></span> <span class='ocrx_word' id='word_1_290' title='bbox 670 2458 695 2500; x_wconf 87' lang='lat' dir='ltr'><strong><em>ct</em></strong></span> <span class='ocrx_word' id='word_1_291' title='bbox 714 2452 827 2501; x_wconf 84' lang='lat' dir='ltr'><strong><em>eeaabat</em></strong></span> <span class='ocrx_word' id='word_1_292' title='bbox 875 2439 946 2505; x_wconf 82' lang='grc' dir='ltr'>νοίας</span> <span class='ocrx_word' id='word_1_293' title='bbox 977 2441 1007 2505; x_wconf 78' lang='grc' dir='ltr'><strong><em>ἃς</em></strong></span> <span class='ocrx_word' id='word_1_294' title='bbox 1038 2441 1224 2502; x_wconf 81' lang='grc' dir='ltr'>ἀνταπέδωκιν</span> <span class='ocrx_word' id='word_1_295' title='bbox 1255 2443 1338 2521; x_wconf 81' lang='grc' dir='ltr'>αὐτῷ,</span> <span class='ocrx_word' id='word_1_296' title='bbox 1373 2443 1418 2499; x_wconf 85' lang='grc' dir='ltr'>καὶ</span> <span class='ocrx_word' id='word_1_297' title='bbox 1452 2441 1554 2500; x_wconf 71' lang='grc' dir='ltr'>ἔθλιὸεν</span> 
     </span>
     <span class='ocr_line' id='line_1_25' title="bbox 221 2528 1088 2609; baseline -0.005 -20"><span class='ocrx_word' id='word_1_298' title='bbox 221 2553 281 2590; x_wconf 86' lang='lat' dir='ltr'><strong><em>eum</em></strong></span> <span class='ocrx_word' id='word_1_299' title='bbox 298 2539 388 2589; x_wconf 85' lang='lat' dir='ltr'><strong><em>ualde.</em></strong></span> <span class='ocrx_word' id='word_1_300' title='bbox 875 2528 952 2587; x_wconf 74' lang='lat' dir='ltr'><strong><em>absis</em></strong></span> <span class='ocrx_word' id='word_1_301' title='bbox 974 2529 1088 2609; x_wconf 73' lang='grc' dir='ltr'>σφόδρα.</span> 
     </span>
    </p>
   </div>
   <div class='ocr_carea' id='block_1_3' title="bbox 222 2711 1557 2912">
    <p class='ocr_par' dir='ltr' id='par_1_4' title="bbox 222 2711 1557 2912">
     <span class='ocr_line' id='line_1_26' title="bbox 265 2711 1557 2794; baseline 0 -13"><span class='ocrx_word' id='word_1_302' title='bbox 265 2713 468 2794; x_wconf 88' lang='lat' dir='ltr'><strong><em>Demetrius,</em></strong></span> <span class='ocrx_word' id='word_1_303' title='bbox 490 2734 569 2780; x_wconf 88' lang='lat' dir='ltr'><strong><em>cum</em></strong></span> <span class='ocrx_word' id='word_1_304' title='bbox 588 2711 681 2780; x_wconf 90' lang='lat' dir='ltr'><strong><em>bello</em></strong></span> <span class='ocrx_word' id='word_1_305' title='bbox 702 2713 868 2780; x_wconf 82' lang='lat' dir='ltr'><strong><em>exstineto</em></strong></span> <span class='ocrx_word' id='word_1_306' title='bbox 887 2721 921 2781; x_wconf 92' lang='lat' dir='ltr'><strong><em>et</em></strong></span> <span class='ocrx_word' id='word_1_307' title='bbox 941 2714 1135 2782; x_wconf 81' lang='lat' dir='ltr'><strong><em>Ptolemaeo</em></strong></span> <span class='ocrx_word' id='word_1_308' title='bbox 1148 2719 1183 2782; x_wconf 90' lang='lat' dir='ltr'><strong><em>et</em></strong></span> <span class='ocrx_word' id='word_1_309' title='bbox 1202 2714 1394 2783; x_wconf 85' lang='lat' dir='ltr'><strong><em>Alexandro</em></strong></span> <span class='ocrx_word' id='word_1_310' title='bbox 1413 2714 1557 2782; x_wconf 76' lang='lat' dir='ltr'><strong><em>mortuis</em></strong></span> 
     </span>
     <span class='ocr_line' id='line_1_27' title="bbox 222 2818 1555 2912; baseline 0.001 -26"><span class='ocrx_word' id='word_1_311' title='bbox 222 2841 299 2886; x_wconf 90' lang='lat' dir='ltr'><strong><em>sese</em></strong></span> <span class='ocrx_word' id='word_1_312' title='bbox 323 2820 397 2886; x_wconf 88' lang='lat' dir='ltr'><strong><em>sine</em></strong></span> <span class='ocrx_word' id='word_1_313' title='bbox 416 2818 490 2885; x_wconf 89' lang='lat' dir='ltr'><strong><em>ullo</em></strong></span> <span class='ocrx_word' id='word_1_314' title='bbox 509 2818 709 2886; x_wconf 86' lang='lat' dir='ltr'><strong><em>adversario</em></strong></span> <span class='ocrx_word' id='word_1_315' title='bbox 729 2818 863 2887; x_wconf 84' lang='lat' dir='ltr'><strong><em>videret</em></strong></span> <span class='ocrx_word' id='word_1_316' title='bbox 882 2821 919 2887; x_wconf 93' lang='lat' dir='ltr'><strong><em>in</em></strong></span> <span class='ocrx_word' id='word_1_317' title='bbox 947 2820 1092 2910; x_wconf 85' lang='lat' dir='ltr'><strong><em>pacifica</em></strong></span> <span class='ocrx_word' id='word_1_318' title='bbox 1116 2823 1215 2910; x_wconf 79' lang='lat' dir='ltr'><strong><em>regni</em></strong></span> <span class='ocrx_word' id='word_1_319' title='bbox 1242 2821 1467 2912; x_wconf 85' lang='lat' dir='ltr'><strong><em>possessione,</em></strong></span> <span class='ocrx_word' id='word_1_320' title='bbox 1484 2843 1555 2888; x_wconf 92' lang='lat' dir='ltr'><strong><em>non</em></strong></span> 
     </span>
    </p>
   </div>
   <div class='ocr_carea' id='block_1_4' title="bbox 220 2925 1664 3004">
    <p class='ocr_par' dir='ltr' id='par_1_5' title="bbox 220 2925 1664 3004">
     <span class='ocr_line' id='line_1_28' title="bbox 220 2925 1664 3004; baseline 0.002 -12"><span class='ocrx_word' id='word_1_321' title='bbox 220 2925 395 2992; x_wconf 81' lang='lat' dir='ltr'><strong><em>dubitavit</em></strong></span> <span class='ocrx_word' id='word_1_322' title='bbox 418 2925 591 2993; x_wconf 77' lang='lat' dir='ltr'><strong><em>dimittere</em></strong></span> <span class='ocrx_word' id='word_1_323' title='bbox 609 2933 729 2997; x_wconf 62' lang='lat' dir='ltr'><strong><em>,totum</em></strong></span> <span class='ocrx_word' id='word_1_324' title='bbox 753 2928 939 2994; x_wconf 81' lang='lat' dir='ltr'><strong><em>exercitum</em></strong></span> <span class='ocrx_word' id='word_1_325' title='bbox 958 2929 1097 2996; x_wconf 90' lang='lat' dir='ltr'><strong><em>retentis</em></strong></span> <span class='ocrx_word' id='word_1_326' title='bbox 1117 2928 1227 2996; x_wconf 90' lang='lat' dir='ltr'><strong><em>solum</em></strong></span> <span class='ocrx_word' id='word_1_327' title='bbox 1244 2927 1412 2996; x_wconf 84' lang='lat' dir='ltr'><strong><em>militibus</em></strong></span> <span class='ocrx_word' id='word_1_328' title='bbox 1427 2949 1557 2996; x_wconf 89' lang='lat' dir='ltr'><strong><em>meroe·</em></strong></span> <span class='ocrx_word' id='word_1_329' title='bbox 1661 3001 1664 3004; x_wconf 65' lang='grc'><strong>,</strong></span> 
     </span>
    </p>
   </div>
   <div class='ocr_carea' id='block_1_5' title="bbox 220 3031 1560 4827">
    <p class='ocr_par' dir='ltr' id='par_1_6' title="bbox 220 3031 1560 4827">
     <span class='ocr_line' id='line_1_29' title="bbox 222 3031 1557 3126; baseline 0 -25"><span class='ocrx_word' id='word_1_330' title='bbox 222 3031 331 3101; x_wconf 87' lang='lat' dir='ltr'><strong><em>nariis</em></strong></span> <span class='ocrx_word' id='word_1_331' title='bbox 351 3053 437 3122; x_wconf 89' lang='lat' dir='ltr'><strong><em>quos</em></strong></span> <span class='ocrx_word' id='word_1_332' title='bbox 452 3054 493 3099; x_wconf 83' lang='lat' dir='ltr'><strong><em>ex</em></strong></span> <span class='ocrx_word' id='word_1_333' title='bbox 511 3031 634 3100; x_wconf 93' lang='lat' dir='ltr'><strong><em>insulis</em></strong></span> <span class='ocrx_word' id='word_1_334' title='bbox 650 3034 757 3100; x_wconf 87' lang='lat' dir='ltr'><strong><em>maris</em></strong></span> <span class='ocrx_word' id='word_1_335' title='bbox 776 3033 1032 3118; x_wconf 80' lang='lat' dir='ltr'><strong><em>mediterranei,</em></strong></span> <span class='ocrx_word' id='word_1_336' title='bbox 1054 3057 1094 3102; x_wconf 84' lang='lat' dir='ltr'><strong><em>ex</em></strong></span> <span class='ocrx_word' id='word_1_337' title='bbox 1112 3041 1210 3104; x_wconf 87' lang='lat' dir='ltr'><strong><em>Creta</em></strong></span> <span class='ocrx_word' id='word_1_338' title='bbox 1228 3035 1448 3126; x_wconf 82' lang='lat' dir='ltr'><strong><em>praeprimis,</em></strong></span> <span class='ocrx_word' id='word_1_339' title='bbox 1466 3057 1557 3102; x_wconf 86' lang='lat' dir='ltr'><strong><em>mer-</em></strong></span> 
     </span>
     <span class='ocr_line' id='line_1_30' title="bbox 221 3138 1556 3224; baseline 0.001 -17"><span class='ocrx_word' id='word_1_340' title='bbox 221 3138 305 3207; x_wconf 88' lang='lat' dir='ltr'><strong><em>cede</em></strong></span> <span class='ocrx_word' id='word_1_341' title='bbox 317 3138 539 3206; x_wconf 87' lang='lat' dir='ltr'><strong><em>conduxerat.</em></strong></span> <span class='ocrx_word' id='word_1_342' title='bbox 557 3138 657 3208; x_wconf 80' lang='lat' dir='ltr'><strong><em>Siluii</em></strong></span> <span class='ocrx_word' id='word_1_343' title='bbox 676 3145 781 3222; x_wconf 85' lang='lat' dir='ltr'><strong><em>terra,</em></strong></span> <span class='ocrx_word' id='word_1_344' title='bbox 798 3140 877 3208; x_wconf 91' lang='lat' dir='ltr'><strong><em>vide</em></strong></span> <span class='ocrx_word' id='word_1_345' title='bbox 899 3147 972 3223; x_wconf 87' lang='lat'><strong><em>1,3;</em></strong></span> <span class='ocrx_word' id='word_1_346' title='bbox 988 3149 1080 3224; x_wconf 61' lang='lat' dir='ltr'><strong><em>bct.</em></strong></span> <span class='ocrx_word' id='word_1_347' title='bbox 1107 3147 1229 3210; x_wconf 90' lang='lat' dir='ltr'><strong><em>Verum</em></strong></span> <span class='ocrx_word' id='word_1_348' title='bbox 1253 3142 1384 3209; x_wconf 85' lang='lat' dir='ltr'><strong><em>milites</em></strong></span> <span class='ocrx_word' id='word_1_349' title='bbox 1402 3142 1455 3208; x_wconf 93' lang='lat' dir='ltr'><strong><em>illi</em></strong></span> <span class='ocrx_word' id='word_1_350' title='bbox 1467 3151 1556 3209; x_wconf 89' lang='lat' dir='ltr'><strong><em>vete·</em></strong></span> 
     </span>
     <span class='ocr_line' id='line_1_31' title="bbox 222 3244 1554 3336; baseline 0.002 -24"><span class='ocrx_word' id='word_1_351' title='bbox 222 3245 310 3326; x_wconf 85' lang='lat' dir='ltr'><strong><em>rani,</em></strong></span> <span class='ocrx_word' id='word_1_352' title='bbox 333 3244 395 3335; x_wconf 90' lang='lat' dir='ltr'><strong><em>qui</em></strong></span> <span class='ocrx_word' id='word_1_353' title='bbox 419 3245 489 3312; x_wconf 87' lang='lat' dir='ltr'><strong><em>iam</em></strong></span> <span class='ocrx_word' id='word_1_354' title='bbox 510 3245 574 3312; x_wconf 93' lang='lat' dir='ltr'><strong><em>suh</em></strong></span> <span class='ocrx_word' id='word_1_355' title='bbox 596 3245 742 3332; x_wconf 84' lang='lat' dir='ltr'><strong><em>regibus</em></strong></span> <span class='ocrx_word' id='word_1_356' title='bbox 765 3246 954 3336; x_wconf 65' lang='lat' dir='ltr'><strong><em>prioribus</em></strong></span> <span class='ocrx_word' id='word_1_357' title='bbox 983 3247 1153 3314; x_wconf 85' lang='lat' dir='ltr'><strong><em>Demetrio</em></strong></span> <span class='ocrx_word' id='word_1_358' title='bbox 1184 3252 1207 3329; x_wconf 89' lang='lat' dir='ltr'><strong><em>l,</em></strong></span> <span class='ocrx_word' id='word_1_359' title='bbox 1233 3247 1441 3330; x_wconf 82' lang='lat' dir='ltr'><strong><em>Ptolemaeo,</em></strong></span> <span class='ocrx_word' id='word_1_360' title='bbox 1467 3249 1554 3314; x_wconf 86' lang='lat' dir='ltr'><strong><em>sorte</em></strong></span> 
     </span>
     <span class='ocr_line' id='line_1_32' title="bbox 222 3350 1554 3441; baseline 0.001 -22"><span class='ocrx_word' id='word_1_361' title='bbox 222 3351 328 3419; x_wconf 86' lang='lat' dir='ltr'><strong><em>etiem</em></strong></span> <span class='ocrx_word' id='word_1_362' title='bbox 343 3351 407 3418; x_wconf 90' lang='lat' dir='ltr'><strong><em>suh</em></strong></span> <span class='ocrx_word' id='word_1_363' title='bbox 427 3350 569 3418; x_wconf 89' lang='lat' dir='ltr'><strong><em>Seleuco</em></strong></span> <span class='ocrx_word' id='word_1_364' title='bbox 593 3351 829 3441; x_wconf 80' lang='lat' dir='ltr'><strong><em>Philopatore,</em></strong></span> <span class='ocrx_word' id='word_1_365' title='bbox 844 3351 1014 3420; x_wconf 77' lang='lat' dir='ltr'><strong><em>Antiocho</em></strong></span> <span class='ocrx_word' id='word_1_366' title='bbox 1038 3356 1079 3418; x_wconf 86' lang='lat' dir='ltr'><strong><em>lV</em></strong></span> <span class='ocrx_word' id='word_1_367' title='bbox 1099 3373 1195 3419; x_wconf 89' lang='lat' dir='ltr'><strong><em>arma</em></strong></span> <span class='ocrx_word' id='word_1_368' title='bbox 1212 3352 1378 3430; x_wconf 87' lang='lat' dir='ltr'><strong><em>tulerant,</em></strong></span> <span class='ocrx_word' id='word_1_369' title='bbox 1400 3352 1435 3417; x_wconf 92' lang='lat' dir='ltr'><strong><em>id</em></strong></span> <span class='ocrx_word' id='word_1_370' title='bbox 1450 3374 1554 3438; x_wconf 83' lang='lat' dir='ltr'><strong><em>aegre</em></strong></span> 
     </span>
     <span class='ocr_line' id='line_1_33' title="bbox 222 3456 1554 3546; baseline 0 -21"><span class='ocrx_word' id='word_1_371' title='bbox 222 3459 373 3526; x_wconf 84' lang='lat' dir='ltr'><strong><em>terentes</em></strong></span> <span class='ocrx_word' id='word_1_372' title='bbox 389 3457 521 3525; x_wconf 83' lang='lat' dir='ltr'><strong><em>inimici</em></strong></span> <span class='ocrx_word' id='word_1_373' title='bbox 536 3458 629 3545; x_wconf 86' lang='lat' dir='ltr'><strong><em>regis</em></strong></span> <span class='ocrx_word' id='word_1_374' title='bbox 650 3456 761 3524; x_wconf 83' lang='lat' dir='ltr'><strong><em>effecti</em></strong></span> <span class='ocrx_word' id='word_1_375' title='bbox 782 3463 872 3524; x_wconf 91' lang='lat' dir='ltr'><strong><em>sunt.</em></strong></span> <span class='ocrx_word' id='word_1_376' title='bbox 887 3459 1035 3546; x_wconf 84' lang='lat' dir='ltr'><strong><em>Insuper</em></strong></span> <span class='ocrx_word' id='word_1_377' title='bbox 1050 3457 1241 3526; x_wconf 88' lang='lat' dir='ltr'><strong><em>Demetrius</em></strong></span> <span class='ocrx_word' id='word_1_378' title='bbox 1254 3458 1297 3525; x_wconf 91' lang='lat' dir='ltr'><strong><em>oh</em></strong></span> <span class='ocrx_word' id='word_1_379' title='bbox 1313 3457 1554 3525; x_wconf 79' lang='lat' dir='ltr'><strong><em>crudelitatem</em></strong></span> 
     </span>
     <span class='ocr_line' id='line_1_34' title="bbox 224 3563 1557 3654; baseline -0.002 -22"><span class='ocrx_word' id='word_1_380' title='bbox 224 3587 330 3654; x_wconf 85' lang='lat' dir='ltr'><strong><em>quam</em></strong></span> <span class='ocrx_word' id='word_1_381' title='bbox 344 3586 407 3654; x_wconf 91' lang='lat' dir='ltr'><strong><em>per</em></strong></span> <span class='ocrx_word' id='word_1_382' title='bbox 425 3570 596 3632; x_wconf 89' lang='lat' dir='ltr'><strong><em>tormenta</em></strong></span> <span class='ocrx_word' id='word_1_383' title='bbox 611 3563 800 3646; x_wconf 82' lang='lat' dir='ltr'><strong><em>exercebat,</em></strong></span> <span class='ocrx_word' id='word_1_384' title='bbox 822 3563 941 3631; x_wconf 90' lang='lat' dir='ltr'><strong><em>odium</em></strong></span> <span class='ocrx_word' id='word_1_385' title='bbox 955 3565 1166 3654; x_wconf 86' lang='lat' dir='ltr'><strong><em>provocabat</em></strong></span> <span class='ocrx_word' id='word_1_386' title='bbox 1181 3563 1319 3654; x_wconf 80' lang='lat' dir='ltr'><strong><em>(Livius,</em></strong></span> <span class='ocrx_word' id='word_1_387' title='bbox 1337 3563 1425 3654; x_wconf 83' lang='lat' dir='ltr'><strong><em>Dpit.</em></strong></span> <span class='ocrx_word' id='word_1_388' title='bbox 1444 3564 1500 3642; x_wconf 67' lang='grc'><strong><em>52)</em></strong></span> <span class='ocrx_word' id='word_1_389' title='bbox 1522 3571 1557 3630; x_wconf 92' lang='lat' dir='ltr'><strong><em>et</em></strong></span> 
     </span>
     <span class='ocr_line' id='line_1_35' title="bbox 220 3669 1555 3760; baseline -0.001 -22"><span class='ocrx_word' id='word_1_390' title='bbox 220 3671 319 3746; x_wconf 71' lang='lat' dir='ltr'><strong><em>uitiis</em></strong></span> <span class='ocrx_word' id='word_1_391' title='bbox 331 3671 581 3738; x_wconf 86' lang='lat' dir='ltr'><strong><em>adolescentiae</em></strong></span> <span class='ocrx_word' id='word_1_392' title='bbox 601 3669 738 3737; x_wconf 91' lang='lat' dir='ltr'><strong><em>deditus</em></strong></span> <span class='ocrx_word' id='word_1_393' title='bbox 751 3676 784 3737; x_wconf 88' lang='lat' dir='ltr'><strong><em>et</em></strong></span> <span class='ocrx_word' id='word_1_394' title='bbox 798 3670 835 3737; x_wconf 92' lang='lat' dir='ltr'><strong><em>in</em></strong></span> <span class='ocrx_word' id='word_1_395' title='bbox 850 3669 1034 3757; x_wconf 78' lang='lat' dir='ltr'><strong><em>segnitiam</em></strong></span> <span class='ocrx_word' id='word_1_396' title='bbox 1048 3671 1163 3760; x_wconf 88' lang='lat' dir='ltr'><strong><em>lapsus</em></strong></span> <span class='ocrx_word' id='word_1_397' title='bbox 1174 3675 1307 3738; x_wconf 86' lang='lat' dir='ltr'><strong><em>tantum</em></strong></span> <span class='ocrx_word' id='word_1_398' title='bbox 1321 3675 1555 3759; x_wconf 89' lang='lat' dir='ltr'><strong><em>contemptum</em></strong></span> 
     </span>
     <span class='ocr_line' id='line_1_36' title="bbox 225 3775 1556 3869; baseline -0.001 -25"><span class='ocrx_word' id='word_1_399' title='bbox 225 3776 319 3869; x_wconf 88' lang='lat' dir='ltr'><strong><em>apud</em></strong></span> <span class='ocrx_word' id='word_1_400' title='bbox 339 3799 459 3844; x_wconf 89' lang='lat' dir='ltr'><strong><em>omnes</em></strong></span> <span class='ocrx_word' id='word_1_401' title='bbox 479 3777 639 3859; x_wconf 87' lang='lat' dir='ltr'><strong><em>inertiae,</em></strong></span> <span class='ocrx_word' id='word_1_402' title='bbox 657 3782 825 3866; x_wconf 84' lang='lat' dir='ltr'><strong><em>quantum</em></strong></span> <span class='ocrx_word' id='word_1_403' title='bbox 850 3776 969 3843; x_wconf 92' lang='lat' dir='ltr'><strong><em>odium</em></strong></span> <span class='ocrx_word' id='word_1_404' title='bbox 999 3799 1039 3842; x_wconf 87' lang='lat' dir='ltr'><strong><em>ex</em></strong></span> <span class='ocrx_word' id='word_1_405' title='bbox 1060 3776 1224 3866; x_wconf 90' lang='lat' dir='ltr'><strong><em>superbia</em></strong></span> <span class='ocrx_word' id='word_1_406' title='bbox 1253 3781 1351 3866; x_wconf 87' lang='lat' dir='ltr'><strong><em>pater</em></strong></span> <span class='ocrx_word' id='word_1_407' title='bbox 1373 3775 1556 3857; x_wconf 82' lang='lat' dir='ltr'><strong><em>habuerat,</em></strong></span> 
     </span>
     <span class='ocr_line' id='line_1_37' title="bbox 225 3881 1558 3973; baseline -0.002 -22"><span class='ocrx_word' id='word_1_408' title='bbox 225 3883 476 3965; x_wconf 85' lang='lat' dir='ltr'><strong><em>contraxit;ita</em></strong></span> <span class='ocrx_word' id='word_1_409' title='bbox 500 3884 647 3952; x_wconf 90' lang='lat' dir='ltr'><strong><em>lustinus</em></strong></span> <span class='ocrx_word' id='word_1_410' title='bbox 674 3883 792 3973; x_wconf 81' lang='lat'>(36‚1).</span> <span class='ocrx_word' id='word_1_411' title='bbox 821 3886 888 3950; x_wconf 90' lang='lat' dir='ltr'><strong><em>lloc</em></strong></span> <span class='ocrx_word' id='word_1_412' title='bbox 914 3884 1081 3966; x_wconf 87' lang='lat' dir='ltr'><strong><em>omnium,</em></strong></span> <span class='ocrx_word' id='word_1_413' title='bbox 1100 3883 1307 3973; x_wconf 86' lang='lat' dir='ltr'><strong><em>praesertim</em></strong></span> <span class='ocrx_word' id='word_1_414' title='bbox 1333 3881 1480 3950; x_wconf 90' lang='lat' dir='ltr'><strong><em>militum</em></strong></span> <span class='ocrx_word' id='word_1_415' title='bbox 1507 3882 1558 3949; x_wconf 91' lang='lat' dir='ltr'><strong><em>di-</em></strong></span> 
     </span>
     <span class='ocr_line' id='line_1_38' title="bbox 228 3989 1558 4081; baseline 0 -24"><span class='ocrx_word' id='word_1_416' title='bbox 228 3990 408 4058; x_wconf 89' lang='lat' dir='ltr'><strong><em>missorum</em></strong></span> <span class='ocrx_word' id='word_1_417' title='bbox 432 3989 468 4056; x_wconf 91' lang='lat' dir='ltr'><strong><em>in</em></strong></span> <span class='ocrx_word' id='word_1_418' title='bbox 490 3991 701 4058; x_wconf 85' lang='lat' dir='ltr'><strong><em>Demetrium</em></strong></span> <span class='ocrx_word' id='word_1_419' title='bbox 725 3990 865 4059; x_wconf 82' lang='lat' dir='ltr'><strong><em>fremitu</em></strong></span> <span class='ocrx_word' id='word_1_420' title='bbox 890 3989 942 4057; x_wconf 89' lang='lat' dir='ltr'><strong><em>uti</em></strong></span> <span class='ocrx_word' id='word_1_421' title='bbox 963 3989 1116 4059; x_wconf 86' lang='lat' dir='ltr'><strong><em>decrevit</em></strong></span> <span class='ocrx_word' id='word_1_422' title='bbox 1140 3992 1314 4081; x_wconf 80' lang='lat' dir='ltr'><strong><em>Tryphon,</em></strong></span> <span class='ocrx_word' id='word_1_423' title='bbox 1331 3996 1370 4058; x_wconf 89' lang='lat' dir='ltr'><strong><em>ut</em></strong></span> <span class='ocrx_word' id='word_1_424' title='bbox 1390 3989 1428 4057; x_wconf 93' lang='lat' dir='ltr'><strong><em>in</em></strong></span> <span class='ocrx_word' id='word_1_425' title='bbox 1449 3989 1558 4057; x_wconf 89' lang='lat' dir='ltr'><strong><em>tiliolo</em></strong></span> 
     </span>
     <span class='ocr_line' id='line_1_39' title="bbox 227 4096 1559 4186; baseline 0.002 -24"><span class='ocrx_word' id='word_1_426' title='bbox 227 4097 412 4164; x_wconf 80' lang='lat' dir='ltr'><strong><em>Alexandri</em></strong></span> <span class='ocrx_word' id='word_1_427' title='bbox 430 4096 607 4164; x_wconf 86' lang='lat' dir='ltr'><strong><em>aemulum</em></strong></span> <span class='ocrx_word' id='word_1_428' title='bbox 621 4096 720 4184; x_wconf 79' lang='lat' dir='ltr'><strong><em>regni</em></strong></span> <span class='ocrx_word' id='word_1_429' title='bbox 733 4102 885 4165; x_wconf 85' lang='lat' dir='ltr'><strong><em>statuens</em></strong></span> <span class='ocrx_word' id='word_1_430' title='bbox 897 4097 970 4186; x_wconf 90' lang='lat' dir='ltr'><strong><em>ipse</em></strong></span> <span class='ocrx_word' id='word_1_431' title='bbox 986 4118 1102 4164; x_wconf 91' lang='lat' dir='ltr'><strong><em>rerum</em></strong></span> <span class='ocrx_word' id='word_1_432' title='bbox 1123 4097 1305 4186; x_wconf 88' lang='lat' dir='ltr'><strong><em>potiretur.</em></strong></span> <span class='ocrx_word' id='word_1_433' title='bbox 1323 4099 1376 4164; x_wconf 92' lang='lat' dir='ltr'><strong><em>Uti</em></strong></span> <span class='ocrx_word' id='word_1_434' title='bbox 1390 4097 1559 4166; x_wconf 90' lang='lat' dir='ltr'><strong><em>Diodorus</em></strong></span> 
     </span>
     <span class='ocr_line' id='line_1_40' title="bbox 227 4195 1560 4294; baseline 0.002 -24"><span class='ocrx_word' id='word_1_435' title='bbox 227 4204 425 4287; x_wconf 75' lang='lat' dir='ltr'><strong><em>sienarrat,</em></strong></span> <span class='ocrx_word' id='word_1_436' title='bbox 435 4202 628 4270; x_wconf 77' lang='lat' dir='ltr'><strong><em>Alexander</em></strong></span> <span class='ocrx_word' id='word_1_437' title='bbox 640 4203 787 4270; x_wconf 90' lang='lat' dir='ltr'><strong><em>filiolum</em></strong></span> <span class='ocrx_word' id='word_1_438' title='bbox 802 4225 904 4272; x_wconf 89' lang='lat' dir='ltr'><strong><em>suum</em></strong></span> <span class='ocrx_word' id='word_1_439' title='bbox 919 4204 1014 4294; x_wconf 91' lang='lat' dir='ltr'><strong><em>apud</em></strong></span> <span class='ocrx_word' id='word_1_440' title='bbox 1026 4195 1173 4272; x_wconf 82' lang='lat' dir='ltr'><strong><em>Dioclem</em></strong></span> <span class='ocrx_word' id='word_1_441' title='bbox 1189 4205 1381 4294; x_wconf 89' lang='lat' dir='ltr'><strong><em>principem</em></strong></span> <span class='ocrx_word' id='word_1_442' title='bbox 1395 4205 1560 4294; x_wconf 90' lang='lat' dir='ltr'><strong><em>deposue-</em></strong></span> 
     </span>
     <span class='ocr_line' id='line_1_41' title="bbox 228 4310 1556 4401; baseline 0 -24"><span class='ocrx_word' id='word_1_443' title='bbox 228 4316 281 4377; x_wconf 89' lang='lat' dir='ltr'><strong><em>rat</em></strong></span> <span class='ocrx_word' id='word_1_444' title='bbox 296 4310 448 4401; x_wconf 71' lang='lat' dir='ltr'><strong><em>(Multo,</em></strong></span> <span class='ocrx_word' id='word_1_445' title='bbox 466 4312 556 4396; x_wconf 80' lang='lat' dir='ltr'><strong><em>trag.</em></strong></span> <span class='ocrx_word' id='word_1_446' title='bbox 574 4315 601 4375; x_wconf 96' lang='lat' dir='ltr'><strong><em>ll</em></strong></span> <span class='ocrx_word' id='word_1_447' title='bbox 627 4314 747 4398; x_wconf 87' lang='lat' dir='ltr'><strong><em>p.le</em></strong></span> <span class='ocrx_word' id='word_1_448' title='bbox 768 4333 803 4377; x_wconf 89' lang='lat' dir='ltr'><strong><em>n.</em></strong></span> <span class='ocrx_word' id='word_1_449' title='bbox 818 4310 902 4398; x_wconf 86' lang='lat' dir='ltr'><strong>XX).</strong></span> <span class='ocrx_word' id='word_1_450' title='bbox 920 4311 1080 4378; x_wconf 89' lang='lat' dir='ltr'><strong><em>Diodotus</em></strong></span> <span class='ocrx_word' id='word_1_451' title='bbox 1100 4317 1215 4379; x_wconf 86' lang='lat' dir='ltr'><strong><em>autem</em></strong></span> <span class='ocrx_word' id='word_1_452' title='bbox 1235 4318 1466 4398; x_wconf 79' lang='lat' dir='ltr'><strong><em>cognomento</em></strong></span> <span class='ocrx_word' id='word_1_453' title='bbox 1477 4316 1556 4398; x_wconf 86' lang='lat' dir='ltr'><strong><em>Try·</em></strong></span> 
     </span>
     <span class='ocr_line' id='line_1_42' title="bbox 228 4416 1556 4507; baseline 0.001 -24"><span class='ocrx_word' id='word_1_454' title='bbox 228 4417 335 4506; x_wconf 90' lang='lat' dir='ltr'><strong><em>phou,</em></strong></span> <span class='ocrx_word' id='word_1_455' title='bbox 353 4416 414 4507; x_wconf 92' lang='lat' dir='ltr'><strong><em>qui</em></strong></span> <span class='ocrx_word' id='word_1_456' title='bbox 427 4416 617 4506; x_wconf 90' lang='lat' dir='ltr'><strong><em>plurimum</em></strong></span> <span class='ocrx_word' id='word_1_457' title='bbox 631 4416 833 4484; x_wconf 84' lang='lat' dir='ltr'><strong><em>auctoritate</em></strong></span> <span class='ocrx_word' id='word_1_458' title='bbox 848 4417 938 4486; x_wconf 90' lang='lat' dir='ltr'><strong><em>inter</em></strong></span> <span class='ocrx_word' id='word_1_459' title='bbox 949 4417 1136 4484; x_wconf 86' lang='lat' dir='ltr'><strong><em>familiares</em></strong></span> <span class='ocrx_word' id='word_1_460' title='bbox 1150 4417 1244 4504; x_wconf 79' lang='lat' dir='ltr'><strong><em>regis</em></strong></span> <span class='ocrx_word' id='word_1_461' title='bbox 1258 4417 1406 4498; x_wconf 86' lang='lat' dir='ltr'><strong><em>valebat,</em></strong></span> <span class='ocrx_word' id='word_1_462' title='bbox 1430 4417 1490 4482; x_wconf 90' lang='lat' dir='ltr'><strong><em>ubi</em></strong></span> <span class='ocrx_word' id='word_1_463' title='bbox 1505 4418 1556 4484; x_wconf 90' lang='lat' dir='ltr'><strong><em>vi-</em></strong></span> 
     </span>
     <span class='ocr_line' id='line_1_43' title="bbox 229 4521 1557 4614; baseline 0.002 -25"><span class='ocrx_word' id='word_1_464' title='bbox 229 4521 280 4590; x_wconf 90' lang='lat' dir='ltr'><strong><em>dit</em></strong></span> <span class='ocrx_word' id='word_1_465' title='bbox 304 4546 373 4612; x_wconf 93' lang='lat' dir='ltr'><strong><em>quo</em></strong></span> <span class='ocrx_word' id='word_1_466' title='bbox 395 4523 527 4614; x_wconf 89' lang='lat' dir='ltr'><strong><em>impetu</em></strong></span> <span class='ocrx_word' id='word_1_467' title='bbox 549 4531 582 4590; x_wconf 92' lang='lat' dir='ltr'><strong><em>et</em></strong></span> <span class='ocrx_word' id='word_1_468' title='bbox 609 4526 739 4612; x_wconf 82' lang='lat' dir='ltr'><strong><em>quanto</em></strong></span> <span class='ocrx_word' id='word_1_469' title='bbox 763 4523 800 4590; x_wconf 89' lang='lat' dir='ltr'><strong><em>in</em></strong></span> <span class='ocrx_word' id='word_1_470' title='bbox 819 4523 1013 4613; x_wconf 88' lang='lat' dir='ltr'><strong><em>prinoipem</em></strong></span> <span class='ocrx_word' id='word_1_471' title='bbox 1039 4521 1118 4589; x_wconf 85' lang='lat' dir='ltr'><strong><em>odio</em></strong></span> <span class='ocrx_word' id='word_1_472' title='bbox 1141 4523 1326 4590; x_wconf 88' lang='lat' dir='ltr'><strong><em>multitudo</em></strong></span> <span class='ocrx_word' id='word_1_473' title='bbox 1350 4523 1510 4606; x_wconf 81' lang='lat' dir='ltr'><strong><em>terretur,</em></strong></span> <span class='ocrx_word' id='word_1_474' title='bbox 1537 4549 1557 4592; x_wconf 87' lang='lat' dir='ltr'><strong><em>a</em></strong></span> 
     </span>
     <span class='ocr_line' id='line_1_44' title="bbox 229 4627 1556 4719; baseline 0.001 -24"><span class='ocrx_word' id='word_1_475' title='bbox 229 4630 398 4697; x_wconf 89' lang='lat' dir='ltr'><strong><em>Demetrio</em></strong></span> <span class='ocrx_word' id='word_1_476' title='bbox 423 4629 550 4697; x_wconf 85' lang='lat' dir='ltr'><strong><em>deiecit</em></strong></span> <span class='ocrx_word' id='word_1_477' title='bbox 572 4634 606 4697; x_wconf 89' lang='lat' dir='ltr'><strong><em>et</em></strong></span> <span class='ocrx_word' id='word_1_478' title='bbox 630 4629 828 4698; x_wconf 85' lang='lat' dir='ltr'><strong><em>societatem</em></strong></span> <span class='ocrx_word' id='word_1_479' title='bbox 848 4629 927 4696; x_wconf 91' lang='lat' dir='ltr'><strong><em>iniit</em></strong></span> <span class='ocrx_word' id='word_1_480' title='bbox 954 4651 1034 4697; x_wconf 89' lang='lat' dir='ltr'><strong><em>aum</em></strong></span> <span class='ocrx_word' id='word_1_481' title='bbox 1061 4628 1207 4696; x_wconf 84' lang='lat' dir='ltr'><strong><em>Arabiae</em></strong></span> <span class='ocrx_word' id='word_1_482' title='bbox 1234 4627 1391 4719; x_wconf 87' lang='lat' dir='ltr'><strong><em>principe</em></strong></span> <span class='ocrx_word' id='word_1_483' title='bbox 1418 4630 1556 4697; x_wconf 86' lang='lat' dir='ltr'><strong><em>lambli-</em></strong></span> 
     </span>
     <span class='ocr_line' id='line_1_45' title="bbox 228 4733 1555 4827; baseline 0.004 -26"><span class='ocrx_word' id='word_1_484' title='bbox 228 4735 310 4820; x_wconf 87' lang='lat' dir='ltr'><strong><em>cho;</em></strong></span> <span class='ocrx_word' id='word_1_485' title='bbox 325 4737 387 4826; x_wconf 88' lang='lat' dir='ltr'><strong><em>qui</em></strong></span> <span class='ocrx_word' id='word_1_486' title='bbox 400 4735 483 4804; x_wconf 90' lang='lat' dir='ltr'><strong><em>fidei</em></strong></span> <span class='ocrx_word' id='word_1_487' title='bbox 496 4760 577 4806; x_wconf 88' lang='lat' dir='ltr'><strong><em>suae</em></strong></span> <span class='ocrx_word' id='word_1_488' title='bbox 595 4735 813 4806; x_wconf 89' lang='lat' dir='ltr'><strong><em>commissum</em></strong></span> <span class='ocrx_word' id='word_1_489' title='bbox 827 4735 979 4804; x_wconf 82' lang='lat' dir='ltr'><strong><em>habebat</em></strong></span> <span class='ocrx_word' id='word_1_490' title='bbox 997 4733 1205 4804; x_wconf 90' lang='lat' dir='ltr'><strong><em>Antiochum</em></strong></span> <span class='ocrx_word' id='word_1_491' title='bbox 1220 4735 1435 4826; x_wconf 87' lang='lat' dir='ltr'><strong><em>Epiphanem</em></strong></span> <span class='ocrx_word' id='word_1_492' title='bbox 1452 4761 1555 4827; x_wconf 90' lang='lat' dir='ltr'><strong><em>quem</em></strong></span> 
     </span>
    </p>
   </div>
   <div class='ocr_carea' id='block_1_6' title="bbox 0 0 1826 5367">
    <p class='ocr_par' dir='ltr' id='par_1_7' title="bbox 0 0 1826 5367">
     <span class='ocr_line' id='line_1_46' title="bbox 0 0 1826 5367; baseline 0 0"><span class='ocrx_word' id='word_1_493' title='bbox 0 0 1826 5367; x_wconf 95' lang='lat' dir='ltr'><strong><em> </em></strong></span> 
     </span>
    </p>
   </div>
  </div>
 </body>
</html>
