3625 5367
708 369 737 425 l.
761 382 852 426 utcu.
876 367 1036 437 stiffi-24.
1481 369 1535 427 2261

202 515 259 581 dio
289 515 408 582 tollere
435 515 568 582 debuit.
592 519 782 605 Utrumque
806 515 1023 604 aggreditur.
1053 521 1181 602 Regem
1211 515 1324 582 reddit
1357 516 1536 584 certiorem

201 621 325 689 litteris
340 621 462 706 missis,
482 622 568 711 petit
586 627 622 686 ut
640 620 706 688 sibi
733 622 845 689 mittat
865 622 981 712 copias
999 639 1103 710 sequc
1125 623 1334 712 praelectum
1352 622 1538 689 constituat

200 727 355 816 regionis
369 727 578 814 urbiumque
594 749 626 793 v.
646 733 698 793 18.
714 727 846 793 Pariter
859 728 963 794 mittit
976 728 1013 794 in
1030 733 1194 794 Gazaram
1210 729 1339 818 (lanu)
1358 729 1419 818 qui
1439 733 1537 795 loan-

200 856 280 900 nem
295 834 506 913 occiderent3
524 833 671 899 tribunis
693 832 841 925 militum
865 835 1002 900 loannis
1021 833 1126 902 mittit
1142 834 1316 924 epistolas,
1333 835 1459 925 quibus
1479 856 1538 901 eos

200 939 245 1007 ad
259 962 338 1007 suas
353 946 468 1029 partes
481 938 642 1005 sollicitat
658 938 783 1005 additis
798 940 975 1028 promissis
990 963 1023 1008 v.
1042 948 1099 1022 19;
1116 941 1260 1030 provide
1274 964 1412 1030 quoque
1431 941 1537 1007 mittit

201 1046 245 1114 ad
258 1045 494 1135 occupandam
515 1045 639 1112 urbem
664 1046 848 1113 lerusalom
863 1051 897 1113 et
919 1053 1070 1114 montem
1091 1047 1212 1135 templi
1229 1047 1372 1137 (13‚53).
1392 1054 1536 1114 loannes

202 1157 316 1219 autem
331 1159 525 1242 opportune
541 1151 667 1218 certior
687 1153 797 1219 lactus
813 1154 1079 1242 comprehensos
1099 1152 1159 1242 qui
1178 1153 1224 1220 ad
1245 1176 1363 1220 necem
1383 1154 1536 1221 inferen-

202 1260 282 1326 dam
299 1258 393 1325 missi
407 1264 506 1325 erant
520 1257 632 1325 occidi
647 1256 756 1324 iubet.

244 1369 315 1442 Qua
336 1388 373 1431 re
388 1370 528 1431 narrata
541 1360 672 1431 ¹auctor
691 1364 781 1431 libro
808 1363 913 1431 finem
928 1366 1074 1454 imponit
1095 1387 1128 1433 v.
1155 1372 1209 1433 23.
1237 1370 1279 1431 bl
1302 1387 1365 1454 pro
1391 1365 1534 1453 reliquis

200 1473 305 1539 rebus
321 1494 343 1538 a
361 1476 482 1537 loanne
504 1471 608 1556 gestis
631 1492 694 1538 nos
715 1469 891 1538 remittens
910 1471 954 1537 ad
979 1471 1108 1538 librum
1130 1471 1277 1562 diernm,
1296 1471 1342 1537 ad
1361 1493 1533 1538 commen·

201 1580 307 1644 tarios
320 1577 473 1659 diurnoS,
488 1577 531 1643 ad
553 1577 695 1644 annales
716 1563 899 1643 sacordotii
913 1579 998 1658 eius,
1016 1576 1059 1644 de
1084 1578 1208 1668 quibus
1229 1586 1345 1645 tamen
1361 1577 1451 1645 nihil
1463 1598 1534 1644 ser-

202 1689 317 1750 vatum
334 1690 396 1749 est.
411 1689 453 1750 m
464 1705 504 1750 ex
519 1684 584 1750 hac
599 1690 680 1750 nota
700 1683 928 1750 nihilominus
952 1683 1126 1768 discimuS,
1145 1684 1377 1752 Ptolemaeum
1394 1683 1494 1772 plane
1514 1706 1534 1750 a

200 1789 335 1856 nelario
355 1812 418 1856 suo
434 1788 576 1856 consilio
596 1812 668 1856 esse
691 1788 876 1869 deiectum,
899 1794 1061 1857 loannem
1088 1790 1191 1858 fuisse
1216 1791 1344 1858 ducem¹
1366 1795 1400 1856 et
1424 1790 1534 1880 ponti-

201 1897 299 1964 ficem
320 1904 352 1961 et
370 1896 567 1985 principem
591 1904 667 1984 post
685 1895 858 1962 Simonem
875 1918 1023 1985 eumque
1051 1902 1085 1964 et
1101 1897 1195 1964 bella
1210 1896 1358 1963 feliciter
1378 1896 1529 1982 gessisse,
1644 1976 1646 1979 ι

201 2008 234 2076 ct
249 2004 426 2092 praeclara
446 2001 593 2068 edidisse
613 2002 776 2067 virtulum
796 2001 1004 2069 documenta
1024 2003 1059 2069 in
1080 2002 1533 2094 promovendiscommodis

201 2109 349 2199 publicis
365 2114 400 2174 ct
423 2130 539 2174 muros
561 2108 674 2174 denuo
698 2107 912 2174 exstruxisse.
934 2113 1030 2191 Nam,
1049 2109 1099 2176 uti
1119 2109 1281 2199 losephus
1300 2113 1421 2176 narrat
1440 2107 1530 2197 (Ant.

203 2217 343 2302 13,8,2),
360 2215 546 2280 Antiochus
560 2213 689 2280 Sideles
708 2213 840 2280 bellum
856 2214 989 2281 ludaeis
1002 2215 1132 2298 intulit,
1149 2215 1329 2282 Ierusalem
1345 2214 1480 2280 obsedit
1500 2221 1533 2280 et
1640 2228 1643 2235 '

202 2320 342 2388 demum
363 2341 481 2409 pacem
505 2319 680 2400 concessit,
699 2319 790 2385 inter
804 2319 902 2386 cuius
926 2320 1138 2388 conditiones
1157 2321 1262 2388 etiam
1285 2322 1470 2401 haeserat,
1496 2325 1533 2385 ut

202 2450 283 2517 pars
303 2449 482 2493 murorum
503 2425 746 2492 tolleretur-
764 2434 887 2493 καθεῖλε
906 2433 955 2493 καὶ
977 2436 1030 2510 τὴν
1055 2433 1197 2514 στεφάνην
1222 2446 1276 2512 τῆς
1298 2433 1417 2506 πόλεως
1436 2463 1481 2476 -·
1499 2430 1533 2492 el

201 2534 368 2602 [liodorus
382 2534 440 2599 sle.
453 2531 655 2622 simpliciter
666 2531 746 2597 dicit
759 2533 794 2598 :ir
807 2541 890 2618 τείχη
902 2532 1049 2618 περιελὼν
1065 2545 1122 2600 τῶν
1139 2535 1357 2620 Ἱεροσολύμων
1371 2532 1530 2620 (3u,1,5).

201 2641 335 2708 Bellum
357 2640 492 2707 illatum
507 2637 712 2706 esse'scribit
736 2639 896 2726 loseplrus
916 2638 1029 2726 primo
1051 2660 1142 2706 anno
1163 2639 1376 2729 principatus
1396 2637 1533 2704 loannis

200 2747 361 2835 Hyrcani.

245 2854 449 2940 longiorem
468 2873 607 2941 quoquc
622 2850 666 2916 dc
690 2849 883 2916 Ptolemaeo
904 2850 1139 2920 narrationem
1161 2852 1279 2935 texuit,
1298 2872 1386 2941 quae
1401 2855 1529 2928 tamen,

200 2981 279 3026 cum
296 2959 342 3026 ab
354 2958 503 3026 auctoris
517 2957 716 3024 narratione
740 2955 782 3023 de
801 2955 920 3024 occisis
936 2956 1071 3026 duobus
1096 2958 1175 3026 liliis
1190 2945 1339 3028 Simonis
1358 2956 1463 3046 plane
1480 2976 1533 3021 re-

201 3065 314 3146 cedat,
333 3065 400 3132 lide
413 3064 556 3151 indigna
573 3063 733 3130 habetur.
