3625 5367
266 360 324 417 212
776 357 803 412 1.
827 372 917 415 ιιισιι.
944 357 1079 422 tur-13.

265 529 403 598 quoque
423 529 462 573 ex
488 512 587 587 mi
605 528 676 595 seq.
698 505 794 571 Circa
815 505 879 571 iria
901 505 1009 571 millia
1033 501 1072 570 ex
1091 505 1213 572 alienis
1234 508 1457 574 mercenariis
1475 531 1516 574 oo
1534 509 1590 576 dio

267 613 483 694 occiderunt3
499 618 533 679 et
545 612 705 680 lonaihas
721 633 877 677 reversus
890 619 939 678 esi
954 612 990 678 in
1003 611 1186 678 Ierusalem
1202 635 1238 679 re
1253 635 1315 702 pro
1330 616 1500 681 Antiocho
1518 638 1599 703 rege

266 720 441 810 praeclare
454 725 560 805 gesta.

497 947 545 1002 14.
566 940 685 1019 Lapatia
705 940 747 1000 ad
765 940 915 1000 Romanos
935 945 962 1000 ei
980 941 1022 1000 ad
1040 939 1210 1018 Spartiates
1232 945 1365 1014 1·2‚1-18.

304 1142 374 1202 rel.
390 1142 422 1191 Et
439 1141 507 1190 uidit
529 1140 658 1189 Ionathas
681 1139 747 1202 quia
771 1144 873 1205 tempus
962 1127 1044 1198 12‚1.
1060 1125 1113 1186 Καὶ
1126 1115 1330 1210 είδενἸωνάθαν
1340 1127 1380 1186 ὅτι
1391 1131 1405 1186 ὁ
1416 1129 1507 1206 καιρδς
1525 1131 1598 1208 αὐτῷ

267 1245 325 1280 eum
340 1232 426 1290 iuvat,
443 1230 524 1292 eiepit
538 1230 612 1279 oiros
631 1235 656 1275 et
674 1228 748 1276 misit
763 1241 805 1275 eos
822 1228 872 1276 Ro·
921 1217 1049 1293 συνεργεῖ,
1062 1213 1108 1272 καὶ
1123 1214 1242 1283 ἀπέλεξεν
1262 1217 1358 1295 ἀνδρας
1377 1215 1423 1275 καί
1443 1219 1599 1278 ἀπέστειλεν

268 1334 338 1370 mam
352 1325 469 1368 statuere
489 1325 513 1366 et
531 1330 662 1367 reuooore
680 1329 738 1364 eum
752 1316 790 1364 eis
805 1317 873 1363 ami·
921 1305 956 1370 είς
967 1300 1079 1379 Ῥώμην
1093 1307 1191 1373 στῆσαι
1203 1305 1248 1365 καὶ
1260 1305 1461 1364 ἀνανεώσασθαι
1473 1305 1522 1376 τὴν
1533 1309 1599 1386 πρὸς

269 1410 370 1457 citiam.
388 1407 414 1456 2.
431 1408 463 1455 Et
484 1407 519 1454 ad
538 1407 693 1469 Spartiates
715 1412 740 1452 et
762 1405 797 1452 od
816 1403 875 1452 alia
922 1390 1015 1457 αὐτούς
1039 1392 1138 1471 φιλίαν.
1154 1395 1183 1452 9..
1203 1391 1257 1453 Καὶ
1272 1393 1337 1472 πρὸς
1358 1396 1531 1474 Σπαρτιάτας
1552 1397 1599 1455 καὶ

270 1498 327 1546 toea
354 1496 428 1544 ntisit
450 1493 578 1558 epistolas
599 1493 749 1543 secundum.
765 1493 875 1542 eandem
920 1479 1015 1546 τόπους
1030 1480 1132 1556 ἑτέρους
1151 1482 1305 1542 ἀπέστειλεν
1320 1483 1461 1551 ἐπιστολάς
1479 1484 1549 1544 κατδι
1564 1486 1598 1542 τά

271 1587 394 1649 sormam.
412 1585 436 1634 3.
454 1584 487 1633 Et
507 1582 633 1631 obierunt
653 1583 763 1630 Romam
783 1589 808 1630 et
829 1583 875 1628 in·
921 1567 999 1627 αιἰτά.
1015 1574 1044 1632 3.
1060 1569 1114 1628 Καὶ
1127 1571 1306 1648 ἐπορεύθησαν
1321 1571 1476 1648 είςῬώμην
1491 1573 1598 1640 καλεῖς·

268 1680 411 1724 traoerunt
425 1673 529 1722 ουιῖιιιιι
539 1678 564 1720 et
579 1672 706 1719 dixerunt
722 1684 731 1718 :
746 1671 875 1719 Ionathos
921 1660 999 1727 ἦλθον
1015 1659 1050 1724 είς
1065 1658 1095 1715 ιδ
1111 1660 1295 1738 βουλευτήριον
1313 1661 1360 1719 καὶ
1376 1651 1458 1720 εἷπον·
1473 1661 1600 1722 ’ίωνάθαν

269 1776 385 1812 summus
417 1761 540 1810 sacerdos
568 1766 593 1808 et
624 1773 688 1822 pens
716 1759 876 1809 ludaeorum
922 1745 1087 1827 δ’ἀρχιεριύς
1103 1747 1150 1805 καλ
1167 1748 1198 1808 τδ
1217 1747 1288 1814 ἔθνος
1312 1752 1364 1807 τῶν
1385 1748 1518 1810 Ἰουδαίων
1534 1753 1600 1810 ἀπέ-

269 1852 400 1900 miserunt
427 1863 486 1909 nos,
507 1856 536 1897 ut
561 1861 750 1898 renovaremus
779 1848 875 1896 amici·
922 1841 1022 1894 στειλεν
1036 1841 1108 1912 ἡμᾶς
1121 1837 1327 1896 ἀνανεώσασθαι·
1338 1837 1387 1909 τὴν
1406 1839 1495 1917 φιλίαν
1511 1842 1600 1906 αὐτοῖς

271 1941 337 1987 tiam
351 1946 375 1988 et
389 1939 539 1986 societatem
556 1937 701 1985 seeundum
716 1937 873 2000 pristinum.
922 1923 968 1982 καὶ
982 1924 1029 1996 τὴν
1045 1924 1202 2003 συμμαχίαν
1217 1924 1287 1985 κατά
1300 1926 1330 1985 τὸ
1345 1927 1480 2007 πρότερον.
1497 1933 1527 1988 θ.
1545 1929 1600 1988 Καὶ

271 2028 297 2077 θ.
313 2028 345 2076 Et
366 2026 493 2075 dederunt
517 2024 575 2073 iilis
597 2023 726 2088 epistolas
748 2024 783 2072 ad
804 2025 876 2087 ipsos
922 2011 1024 2071 ἔδωκαν
1048 2014 1189 2080 ἐπιστολάς
1214 2015 1300 2080 αὐτοῖς
1326 2015 1390 2094 πρὸς
1416 2015 1510 2082 αὐτούς
1532 2017 1602 2074 κατθι

269 2129 318 2182 per
341 2115 407 2174 loeo,
427 2121 455 2163 ut
479 2113 637 2162 deducerent
658 2126 700 2161 eos
724 2113 757 2161 ιἰι
777 2119 877 2162 terram
922 2100 1016 2175 τόπον,
1039 2100 1110 2216 δπρις
1140 2103 1335 2183 προπέμπωσιν
1367 2105 1460 2170 αὐτοὺς
1489 2108 1524 2171 εἰς
1551 2110 1601 2184 γῆν

270 2196 338 2254 ‘Iuda
351 2218 409 2253 eum
421 2214 495 2267 pore.
922 2188 1011 2249 Ἰούδα
1026 2189 1083 2265 μετ’
1098 2194 1213 2270 εἰρήνης.

307 2295 332 2344 5.
350 2293 382 2342 Et
401 2293 448 2340 hoa
468 2298 505 2340 est
529 2289 678 2353 exemplum
700 2289 877 2353 epistolarum
962 2303 990 2340 ι).
1014 2279 1069 2338 Και
1083 2303 1160 2338 τουτο
1172 2303 1201 2338 το
1214 2282 1373 2362 αντιγραφον
1388 2305 1439 2340 των
1455 2284 1601 2341 ἐπιστολῶν

272 2396 338 2446 quos
350 2381 460 2444 scripsit
473 2381 601 2429 Ionathas
613 2379 784 2443 Spartiates
798 2378 875 2430 iilo·
922 2393 958 2425 ων
969 2368 1082 2448 ίγραψεν
1093 2369 1186 2428 Ἰωνάθ
1173 2375 1219 2428 αν
1230 2393 1283 2436 τοις
1294 2371 1530 2448 ἱ’παρτιαταιςίλ
1545 2374 1601 2432 ’-ίω

269 2472 369 2521 uetitas
398 2483 515 2519 summus
547 2469 670 2517 sacerdos
702 2474 726 2517 et
759 2469 876 2517 seniores
922 2456 1033 2515 νάθαν’
1019 2457 1210 2536 αρχιεριυςκαι
1227 2459 1436 2536 ἡγερουσίατου
1420 2461 1539 2525 ἔθνους
1555 2462 1603 2518 καῖ

269 2562 356 2623 peratis
370 2565 395 2608 et
410 2557 558 2607 sacerdotes
578 2564 602 2606 et
619 2556 739 2622 reliquus
759 2556 876 2621 populus
922 2546 946 2602 οἱ
969 2547 1047 2622 ίερεῖς
1069 2545 1116 2604 καλ
1136 2549 1152 2604 θ
1172 2547 1261 2613 λοιπὸς
1286 2548 1368 2624 δῆμος
1391 2551 1444 2606 τῶν
1466 2547 1602 2608 Ἰουδαίων

269 2650 429 2698 iudaeorum
441 2647 591 2712 Spartiatis
605 2645 739 2710 fratribus
751 2645 873 2694 salutem.
923 2633 1107 2715 Σπαρτιάταις
1130 2642 1183 2702 τοῖς
1210 2636 1330 2714 ἀδελφοῖς
1355 2639 1466 2716 χαίρειν.
1488 2639 1515 2697 7.
1537 2633 1602 2698 Ἔτι

270 2738 295 2786 7.
311 2738 473 2800 iampridem
490 2737 586 2784 missae
603 2742 681 2784 erant
697 2733 826 2799 epistolae
841 2735 876 2782 ad
916 2722 1048 2801 ’πρότερον
1064 2724 1254 2796 ἀπεστάλησαν
1274 2725 1415 2784 ἐπιστολαὶ
1430 2725 1493 2804 πρὸς
1509 2725 1603 2784 Ὀνίαν

274 2827 370 2873 oniam
399 2837 528 2872 summum
555 2824 717 2871 sacerdotem
748 2823 782 2870 ab
811 2824 876 2871 Ario
922 2811 965 2868 τδν
981 2809 1107 2892 ἀρχιερέα
1120 2811 1306 2894 παράἉριίου
1318 2818 1363 2872 τοῦ
1378 2815 1561 2894 βασιλεύοντος
1577 2818 1604 2872 ἐν

272 2914 318 2976 qui
339 2912 470 2973 repnabat
492 2911 565 2972 opud
587 2925 640 2970 ros,
662 2912 790 2972 quoniam
813 2912 876 2958 estis
923 2899 983 2974 ύμῖν
998 2899 1037 2957 ὅτι
1054 2901 1113 2959 ἐστὲ
1130 2901 1240 2981 ἀδελφοὶ
1257 2905 1333 2979 ἡμῶν
1351 2907 1385 2970 ὡς
1399 2903 1430 2961 τὸ
1444 2903 1604 2984 ἀντίγραφον

272 3002 372 3064 fratres
390 2999 488 3062 nostri,
502 3000 571 3047 sicut
586 2999 746 3061 rescriptum
760 2999 876 3046 continet
922 2985 1071 3047 ὑπόκειται.
1087 2991 1117 3050 8.
1131 2990 1185 3050 Καὶ
1203 2991 1344 3060 ἐπεδέξατο
1355 2991 1447 3058 Ὀνίας
1460 2993 1505 3050 τὸν
1504 2993 1604 3140 άνέδρα

273 3090 342 3152 quod
355 3087 502 3136 subrectum
513 3094 561 3136 est
577 3085 603 3134 8.
616 3086 650 3133 Et
663 3086 778 3150 suscepit
795 3086 877 3134 Ouios
922 3074 965 3133 τδν
986 3076 1185 3152 ἀπεσταλμένον
1205 3078 1511 3148 ἀνδύξωςκσιέλαύε
1484 3105 1531 3150 τας
1545 3085 1606 3140 ἐπι-

272 3180 361 3227 airum
380 3177 427 3238 qui
446 3177 543 3224 missus
562 3174 651 3237 fuerat
667 3189 723 3224 cum
739 3175 838 3224 nonore
853 3183 878 3223 et
924 3163 1019 3230 στολάς
1032 3167 1058 3224 ἐν
1079 3156 1154 3233 αἶς
1139 3177 1289 3246 οιεσαφεῖτο
1307 3169 1368 3248 περλ
1387 3169 1547 3279 συμμαχίας
1556 3195 1605 3229 και

272 3267 373 3331 aceepit
388 3264 546 3330 epistolas¹
536 3277 567 3312 ιιι
585 3263 682 3326 quibus
700 3264 877 3328 sipnifieaba-
923 3245 1022 3362 φιλίας.
1047 3257 1076 3316 9.
1098 3253 1153 3314 Καὶ
1172 3260 1236 3332 ips*
1227 3281 1248 3324 ις
1268 3249 1311 3316 ουν
1332 3260 1486 3335 ἀπροσδεεῖς
1504 3259 1604 3318 τούτοιν

273 3363 316 3405 tur
330 3356 361 3404 de
376 3355 500 3404 sacietate
514 3360 539 3402 et
553 3354 685 3402 amicitia.
701 3353 725 3403 9.
741 3353 802 3410 Nos,
819 3367 877 3402 eum
923 3340 1005 3418 ὄντες,
1018 3345 1187 3422 παράκλησιν
1209 3345 1355 3427 ἔχοντες
1328 3370 1361 3404 τα
1379 3347 1514 3426 βιβλία
1487 3371 1520 3406 τα
1539 3347 1603 3424 ἀγια

273 3444 349 3494 nulio
372 3445 465 3493 irarum
480 3443 671 3505 indigeremus,
689 3442 814 3490 habentes
833 3457 878 3490 so·
924 3429 957 3488 τά
982 3433 1007 3489 ἀν
1031 3439 1089 3500 ταῖς
1118 3433 1209 3513 χερσῖν
1237 3439 1326 3510 ἡμῶν,
1352 3437 1400 3495 10.
1425 3437 1603 3514 ἐπειράθημεν

273 3533 340 3583 latio
360 3539 464 3581 sanatos
485 3530 577 3589 libros,
594 3531 717 3593 quisunt
738 3532 767 3579 in
786 3534 877 3579 mani·
924 3519 1080 3579 ἀποστεῖλαι
1103 3521 1151 3592 τὴν
1177 3523 1242 3602 πρὸς
1270 3529 1337 3598 ὑμᾶς
1368 3525 1533 3602 ἀδελφότητα
1557 3528 1604 3584 καὶ

274 3623 322 3671 bus
347 3621 458 3680 nostris,
484 3619 525 3678 10,
548 3618 693 3668 maluimus
715 3620 818 3668 mittere
843 3621 877 3667 ad
924 3609 1011 3686 φιλίαν
1031 3609 1234 3670 ἀνανεώσασθαι
1253 3611 1318 3691 πρὸς
1331 3613 1361 3672 τὸ
1377 3614 1413 3689 μὴ
1430 3614 1604 3694 ἐξαλλοτριοι-
1671 3613 1673 3616 ’

272 3725 317 3762 ros
346 3722 475 3760 renovare
499 3708 701 3771 fraternitatem
728 3717 753 3757 et
782 3710 876 3756 amici·
924 3702 1001 3767 θῆναι
1015 3701 1098 3773 ὑμῶν·
1114 3699 1209 3759 πολλοὶ
1225 3699 1277 3780 γάρ
1292 3701 1379 3781 καιρολ
1394 3702 1497 3773 διῆλθον
1513 3705 1559 3779 ἀφ’
1573 3695 1604 3761 oi]

275 3801 350 3859 tiam,
364 3813 396 3848 ne
410 3798 477 3861 [orte
492 3796 577 3846 alieni
590 3796 769 3860 efficiamuro
786 3796 874 3857 oobis;
924 3787 1098 3846 intersiinus
1121 3788 1186 3867 πρὸς
1216 3794 1296 3865 ἡμᾶς.
1318 3793 1366 3851 11.
1389 3789 1483 3866 Ἱίμεῖς
1508 3783 1552 3850 ais
1577 3795 1604 3848 ἐν

273 3888 358 3937 muita
373 3889 444 3936 enim
459 3887 766 3951 temporotransierunt,
780 3899 811 3934 ex
826 3900 877 3948 quo
923 3874 1002 3933 παντὶ
1022 3881 1107 3957 καιρῶ
1129 3877 1340 3988 ἀδιαλείπτως
1326 3903 1354 3936 εν
1373 3904 1402 3938 τε
1420 3890 1477 3948 ταῖς
1503 3885 1605 3959 ἑορταῖς

273 3977 386 4025 misistis
405 3976 441 4024 od
461 3990 519 4024 nos
540 3975 731 4038 11.Noserpo
753 3977 877 4024 inomni
923 3987 968 4020 και
982 3988 1039 4030 ταις
1054 3966 1159 4032 λοιπαις
1178 3972 1227 4025 καθ
1229 3991 1354 4039 ηκουσαις
1370 3993 1482 4047 ηαεραις
1502 3994 1603 4047 μιμνη-

272 4070 385 4128 tompore
413 4065 471 4112 sine
499 4065 709 4112 intermissione
726 4065 756 4111 in
784 4064 877 4113 diebus
923 4053 1067 4128 σκόμεθα
1057 4046 1221 4159 υμιῗινὲφζἴ
1200 4081 1287 4135 ωνιτρ
1274 4080 1347 4149 ρφςφε
1337 4057 1429 4136 [φαμεν
1445 4062 1540 4117 θυσιῶν
1557 4061 1604 4118 καὶ

271 4151 434 4201 solemnibus
449 4158 472 4200 et
490 4153 583 4200 ceteris
597 4151 693 4213 quibus
706 4159 810 4217 oportet
824 4166 877 4202 me·
923 4143 949 4198 ἐν
968 4149 1026 4208 ταῖς
1045 4145 1203 4222 προςευχαῖς
1225 4169 1260 4212 ως
1280 4128 1336 4206 δίον
1356 4147 1413 4205 ἐστὶ
1435 4171 1480 4206 και
1503 4147 1604 4228 πρέπον

270 4255 355 4292 mores
379 4254 468 4290 sumus
489 4240 573 4289 uestri
594 4241 625 4289 in
645 4242 786 4301 sacrificiis
808 4255 875 4304 quoe
923 4231 1099 4308 μνημονεύειν
1122 4235 1549 4316 ἀδελφῶν.1ἳ.Ευφραινάμεθα
1576 4235 1604 4295 δὲ

268 4332 404 4394 offerimus
418 4337 442 4379 et
455 4331 486 4378 in
498 4327 739 4392 obseruationibus,
752 4332 820 4380 siout
834 4331 876 4393 sos
922 4319 966 4378 ἐπὶ
986 4341 1019 4399 τῃ
1002 4318 1095 4400 ”δύξῃ
1118 4323 1200 4396 ὑμῶν.
1223 4326 1271 4384 13.
1292 4321 1383 4400 Ἧμᾶς
1398 4323 1425 4383 δὲ
1449 4325 1606 4385 ἐκύκλωσαν

269 4417 798 4482 estetdeeetmeminissesratrum.12
813 4421 875 4469 Lae·
921 4409 1019 4467 πολλαι
1039 4410 1139 4490 θλίψεις
1158 4411 1204 4469 καὶ
1222 4412 1335 4486 πόλεμοι
1356 4414 1449 4474 πολλοὶ
1470 4413 1554 4473 καλ
1542 4437 1604 4475 επο-

269 4519 358 4560 tamur
376 4511 468 4572 itaque
486 4508 517 4558 de
535 4507 626 4572 pieria
645 4516 745 4560 uestra.
765 4509 806 4559 13.
822 4510 874 4558 Nos
920 4496 1041 4572 λεμησαν
1070 4505 1140 4576 ἡμας
1161 4503 1185 4560 oi
1210 4503 1328 4580 βασιλεῖς
1349 4505 1373 4560 οἱ
1396 4505 1486 4584 κύκλῳ
1509 4508 1598 4580 ἡμῶν.

269 4607 356 4649 autem
378 4598 609 4648 circumdederunt
631 4598 730 4647 multae
755 4597 872 4647 tribula·
922 4588 970 4645 M.
981 4587 1041 4648 Οὐκ
1056 4583 1267 4665 ’λδουλο’μεθα’ς
1238 4615 1281 4650 ουν
1294 4595 1489 4674 παρενοχλεῖν
1480 4601 1542 4664 υμῖν
1554 4617 1602 4652 και

269 4689 353 4737 tiones
372 4695 397 4736 et
417 4687 503 4737 multa
523 4685 631 4752 proelia
652 4693 677 4735 et
695 4687 873 4750 impupnote·
920 4698 974 4742 τοις
997 4678 1096 4744 λοιποῖς
1118 4679 1271 4759 συμμάχοις
1292 4683 1338 4740 καλ
1362 4681 1482 4764 φίλοις’
1469 4685 1546 4760 ημῶν
1573 4685 1601 4740 ἒν

268 4784 332 4825 runt
346 4789 394 4825 uos
409 4790 483 4840 repes
498 4776 619 4838 quisunt
636 4776 796 4826 incircuitu
809 4790 874 4826 nos·
920 4773 974 4832 τοῖς
986 4767 1112 4844 πολέμοις
1129 4769 1240 4836 τούτοις.
1253 4771 1301 4832 15.
1313 4768 1435 4851 Ἔχομεν
1448 4771 1500 4853 γάρ
1511 4772 1560 4846 τὴν
1575 4771 1603 4839 ἐξ
