3625 5367
770 329 798 385 ι.
822 345 915 388 uses.
940 328 1020 401 son.
1502 333 1558 394 177
1624 329 1625 332 ‘

228 485 361 552 qreqondi
380 484 533 532 exereitum.
554 485 579 533 9.
601 484 633 532 Et
654 483 751 531 traditi
773 489 834 531 sunt
881 483 911 538 9,
934 480 987 538 Καὶ
1001 478 1161 558 παρέδωκαν
1181 481 1204 536 οῖ
1224 482 1254 538 ἐκ
1268 481 1315 548 τῆς
1338 480 1420 560 ἄκρας
1434 480 1560 541 Ἰωνοίθαν

229 576 360 626 lanatiore
379 573 483 622 absides
503 579 527 620 et
544 571 663 620 reddidit
678 585 721 620 eas
732 585 835 635 pareu-
880 567 915 625 τὰ
929 567 1030 647 ὅμηροι,
1048 567 1095 626 καῖ
1114 568 1250 626 ἀπέδωκεν
1267 567 1361 635 αὐτούς
1374 577 1429 637 τοῖς
1442 576 1561 648 γονεῦσιν

229 666 302 714 tibus
316 665 384 712 suis.
406 661 448 712 10.
464 661 496 709 Et
513 661 648 710 habitarit
663 661 792 710 Ionathas
805 661 836 708 in
882 659 980 714 αὐτῶν.
998 657 1048 716 10.
1079 656 1132 715 Καί
1154 655 1257 738 ᾤκησεν
1277 655 1404 717 Ἰωνοίθαν
1424 660 1451 716 ἐν
1465 655 1562 737 ‘ispan-

231 752 377 803 lerusalem
392 758 416 799 et
438 751 524 814 caepit
547 751 689 814 aedificare
709 757 733 799 et
756 751 835 798 irma-
882 745 974 819 σαλήμ
990 746 1036 802 καῖ
1046 744 1146 822 ἤρξατο
1156 746 1303 819 οἰκοδομεῖν
1316 745 1361 804 καί
1377 747 1499 816 καινίζειν
1513 749 1561 817 την

230 856 293 892 nare
309 843 458 899 ciuitatem
479 839 520 889 11.
541 846 565 888 et
585 840 655 888 dixit
669 839 835 902 iacientibus
881 833 967 893 πόλιν·
991 836 1041 894 11.
1068 834 1113 892 καί
1136 825 1193 892 εἶπε
1210 833 1272 912 πρὸς
1295 833 1354 900 τοὺς
1377 840 1515 902 ποιοῦντας
1528 835 1561 894 τὰ

213 940 322 996 opera,
340 939 368 978 nt
388 935 553 977 exstruerent
575 942 664 978 muros
683 935 707 978 et
721 934 835 976 mantem
885 920 950 999 ἔργα
972 925 1121 998 οἰκοδομεῖν
1143 925 1176 980 τὰ
1197 922 1273 1002 τείχη
1297 923 1342 982 καί
1365 923 1395 981 τὸ
1417 923 1477 1004 όρος
1492 923 1562 985 Σιὼν

230 1022 298 1071 Sion
312 1021 342 1068 in
356 1019 470 1067 circuitu
488 1016 627 1082 lapidibus
643 1018 784 1080 quadratis
800 1016 835 1064 ad
881 1010 1006 1070 κυκλόθεν
1028 1013 1058 1069 ἐκ
1079 1012 1157 1070 λίθοιν
1173 1010 1345 1090 τετραγώνων
1360 1013 1395 1078 εἷς
1418 1013 1560 1091 θχύρωσιν·

232 1109 421 1167 munitionem
438 1113 462 1155 et
477 1107 518 1154 ita
532 1106 661 1170 fecerrrnt.
683 1107 724 1156 12.
741 1105 774 1154 Et
789 1104 834 1168 [n-
882 1100 927 1158 καί
943 1098 1071 1170 ίποίησαν
1087 1099 1180 1166 οὕτως.
1197 1103 1246 1161 12.
1269 1100 1321 1160 Καὶ
1334 1099 1428 1180 ἔφυγον
1444 1105 1467 1160 οῖ
1483 1101 1562 1160 ἀλλο-

232 1205 328 1262 qerunt
343 1195 513 1257 alieniqenae
533 1197 579 1258 qui
599 1201 676 1243 erant
695 1195 726 1242 in
745 1195 836 1244 muni·
881 1197 964 1264 γενεῖς
990 1193 1013 1248 οἱ
1033 1190 1105 1256 ὄντες
1129 1193 1157 1249 ἐν
1180 1197 1234 1256 τοῖς
1249 1188 1421 1268 ὀχυρώμασιν
1441 1179 1478 1256 οἷς
1494 1191 1562 1270 ᾠκο-

233 1286 352 1335 tionihus
375 1280 442 1346 quas
468 1284 612 1333 Bacchides
632 1284 834 1346 aedificatura&
881 1279 983 1354 δόμησε
998 1277 1147 1356 Βακχίδης·
1173 1281 1222 1338 13.
1237 1277 1283 1336 καὶ
1297 1275 1438 1336 κατέλιπεν
1454 1275 1564 1344 ίκαστος

236 1377 276 1426 13.
294 1382 318 1423 et
331 1373 443 1435 reliquit
458 1374 640 1435 unusquisque
657 1369 742 1421 locum
760 1384 836 1420 suum
882 1366 927 1426 τόν
949 1366 1030 1424 τόπον
1056 1367 1135 1424 αὐτοῦ
1165 1365 1210 1424 καλ
1234 1368 1352 1437 ἀπῆλθεν
1385 1369 1422 1432 εἷς
1444 1365 1492 1438 τὴν
1514 1371 1563 1444 γῆν

234 1471 258 1513 et
272 1463 341 1513 abiit
355 1464 502 1511 interram
516 1473 606 1522 sunm;
626 1460 669 1510 11.
685 1467 790 1511 tantum
806 1463 838 1510 in
882 1457 1035 1516 sororii.
1054 1453 1124 1525 πλὴν
1139 1457 1166 1513 ἐν
1182 1455 1563 1534 Βαιθσούροιςύπελείφθησοίν
1654 1527 1655 1532 ¹
1725 1433 1791 1526 Ι’μί’

233 1553 364 1602 Bethsura
377 1558 564 1600 remanserunt
579 1548 668 1613 aliqui
682 1563 712 1599 ex
728 1549 770 1600 his
790 1550 837 1612 qui
882 1567 951 1610 τινες
973 1547 1025 1602 τῶν
1048 1544 1252 1602 καταλιπόντων
1276 1542 1321 1602 τόν
1350 1545 1429 1620 νόμον
1457 1543 1503 1602 καί
1530 1545 1564 1602 τὰ

235 1641 401 1704 reliqueram
435 1639 517 1702 leqem
549 1647 573 1689 et
599 1646 744 1704 praecepta
775 1639 837 1696 Dei;
883 1632 1084 1712 προςτᾶγματα·
1109 1624 1140 1702 ἦν
1162 1631 1213 1711 γὰρ
1237 1634 1324 1699 αὐτοῖς
1344 1630 1562 1712 φυγαδευτήριον.
1642 1699 1644 1704 ,
1690 1703 1691 1706 Ἴ
1726 1645 1791 1688 ..ι

234 1737 292 1779 erat
307 1731 378 1779 enim
392 1731 454 1778 haec
469 1730 507 1776 eis
521 1728 556 1777 ad
566 1727 711 1791 resupium.

273 1819 315 1869 15.
341 1819 374 1867 lit
399 1817 505 1866 audiuit
529 1817 680 1866 Alexander
703 1829 750 1865 rea
773 1829 838 1879 pro·
926 1811 974 1870 15.
1002 1807 1057 1869 Καί
1078 1807 1191 1879 ἤκουσεν
1220 1807 1387 1888 Ἀλέξανδρος
1406 1813 1420 1868 ὁ
1442 1779 1590 1888 βασιλεὺςἸ

235 1910 317 1958 missa
327 1921 394 1970 quae
403 1906 528 1970 promisit
536 1906 685 1954 Demetrius
693 1905 822 1954 lanatltae
830 1917 838 1961 ,·
884 1895 932 1966 τὰς
946 1896 1104 1978 ἐπαγγελίας
1122 1897 1187 1964 ὅσας
1201 1897 1340 1956 ἀπέστειλε
1361 1896 1514 1975 Δημήτριος
1528 1900 1566 1976 τῷ
1645 1949 1650 1956 .

236 2004 259 2047 el
282 2001 467 2046 narraverunt
490 1995 515 2043 εί
540 1993 648 2058 proelia
671 2000 696 2042 el
726 1994 839 2043 virtutes
885 1985 1010 2046 Ἰωνιίθαν
1034 1985 1079 2046 καί
1108 1985 1269 2063 διηγήσαντο
1292 1987 1365 2063 αύτῷ
1400 1985 1460 2052 τοὺς
1484 1985 1566 2044 πολέ-
1628 2005 1629 2008 ’

237 2100 302 2148 quas
317 2085 373 2149 ipse
387 2083 449 2147 fecit
468 2090 492 2131 et
507 2083 607 2146 fratres
623 2085 680 2131 eius
698 2089 722 2132 et
736 2081 841 2132 labores
887 2097 952 2150 μους
966 2073 1012 2134 καί
1026 2075 1073 2144 τὰς
1098 2073 1277 2155 ἀνδραγαθίας
1297 2073 1328 2140 ἃς
1350 2074 1474 2145 ἐποίησεν
1490 2075 1567 2140 αὐτὸς
1611 2091 1629 2124 ·'

238 2188 301 2236 quos
314 2161 507 2222 laboraverunt
514 2184 523 2231 ‚⁴
537 2170 579 2248 16.
596 2178 619 2220 et
631 2173 670 2220 ait
686 2186 694 2220 :
709 2171 841 2233 numquid
886 2162 932 2221 καῖ
958 2166 981 2221 οἱ
1003 2163 1111 2245 ἀδελφοί
1134 2164 1214 2223 αὐτοῦ
1242 2163 1288 2223 καί
1319 2161 1377 2230 τούς
1408 2163 1503 2228 κόπους
1524 2161 1568 2229 οδς

237 2259 841 2324 inveniemusaliquemvirumtalem?etnunc
887 2253 978 2332 ἔσχον·
1004 2254 1052 2313 16.
1076 2252 1121 2312 καί
1146 2243 1214 2310 εἷπε·
1246 2250 1283 2328 μὴ
1314 2251 1565 2332 εύρήσομενοίνδρα

238 2351 365 2416 faciemus
389 2363 447 2398 eum
476 2351 590 2398 amicum
617 2355 641 2398 et
669 2350 768 2398 socium
791 2361 841 2396 no·
887 2347 1001 2401 τοιοῦτον
1018 2340 1080 2418 ἕνα;
1100 2342 1146 2399 καί
1164 2345 1210 2398 νῦν
1228 2339 1374 2416 ποιήσομεν
1393 2340 1471 2398 αὐτὸν
1491 2339 1566 2418 φίλον

237 2448 333 2490 strum.
887 2431 934 2487 καῖ
948 2428 1092 2508 σύμμαχον
1106 2432 1192 2506 ἡμῶν.

277 2529 318 2580 17.
346 2530 380 2578 ht
410 2528 520 2590 scripsit
549 2526 691 2589 epistolam
717 2532 741 2574 et
767 2525 841 2573 misit
931 2520 978 2577 17.
998 2517 1050 2576 Kal
1065 2517 1179 2597 ἔγραψεν
1195 2516 1336 2583 ἐπιστολὰς
1353 2515 1398 2573 καῖ
1413 2515 1567 2575 ἀπέστειλεν

239 2621 264 2669 ei
278 2618 422 2668 seeundum
434 2618 499 2665 haee
510 2615 591 2664 rerba
603 2615 716 2663 dicens:
736 2613 778 2664 18.
789 2614 842 2661 Rex
888 2607 961 2683 αὐτῷ
982 2603 1051 2663 κατὰ
1073 2604 1134 2671 τούς
1156 2607 1249 2681 λόγους
1272 2605 1380 2670 τούτους
1403 2603 1565 2683 liqna-18.

239 2706 390 2758 dleaonder
429 2704 514 2767 [ratri
549 2703 677 2752 Ionathae
716 2702 840 2751 salutem.
890 2692 1018 2759 Βασιλεὺς
1047 2691 1215 2773 Ἀλέξανδρος
1241 2695 1279 2773 τῷ
1311 2695 1417 2775 ἀδελφῷ
1443 2691 1567 2755 Ἰωνόθαν
1658 2697 1683 2708 “

242 2798 284 2848 19.
308 2795 466 2844 Audivimus
491 2793 522 2840 de
544 2800 576 2852 te,
599 2793 668 2853 quod
687 2793 731 2842 οῖς
749 2798 843 2856 potens
888 2782 1002 2864 χαίρειν.
1025 2783 1073 2842 19.
1100 2781 1271 2858 Ἀκηκόαμεν
1293 2783 1355 2841 πεῖ
1376 2787 1423 2841 σού
1446 2781 1486 2840 ότι
1502 2783 1568 2862 ἀνὴρ

240 2884 388 2935 sisoiribus
396 2889 419 2931 et
428 2888 507 2946 aptus
513 2883 621 2931 esutsis
629 2882 730 2932 amicus
737 2887 842 2940 noster;
890 2871 997 2938 δυνατὸς
1012 2869 1086 2950 ἰσχύϊ
1099 2869 1145 2929 καλ
1159 2870 1307 2946 ἐπιτήδειος
1319 2805 1343 2928 ε1
1362 2877 1410 2930 τοῦ
1425 2861 1492 2930 εῖναι
1503 2877 1568 2947 ἡμῖν

242 2975 284 3026 10.
301 2981 326 3023 et
348 2985 419 3021 nune
441 2971 626 3019 constituimus
641 2977 664 3019 te
678 2971 755 3019 hodie
770 2982 843 3018 rum·
889 2961 974 3039 φίλος·
990 2963 1039 3021 21).
1065 2959 1111 3017 καί
1126 2965 1170 3019 νῖν
1184 2958 1387 3038 καθεστόκαμέν
1403 2983 1432 3019 σε
1453 2958 1568 3039 σήμερον

241 3077 311 3113 mum
333 3061 495 3111 sacerdotem
513 3059 600 3121 pentir
616 3065 676 3108 tuae
691 3065 716 3108 et
729 3064 759 3108 ut
772 3061 842 3107 ami·
890 3049 1015 3130 ἀρχιερέα
1034 3053 1080 3108 τοῦ
1104 3049 1192 3112 ἔθνους
1210 3072 1257 3108 σου
1279 3049 1324 3108 καί
1343 3048 1423 3132 φίλον
1441 3048 1570 3128 βασιλέως

242 3139 286 3202 eus
301 3153 401 3202 soceris
416 3149 488 3210 repis
505 3148 538 3213 let
555 3148 630 3196 misit
651 3148 677 3197 ei
691 3161 845 3213 purpuram
889 3141 1029 3197 καλεῖσθαι
1046 3137 1102 3214 [καί
1118 3137 1272 3196 ἀπέστειλεν
1288 3141 1358 3217 αὐτῷ
1373 3138 1508 3217 πορφύραν
1524 3136 1569 3196 καὶ

239 3249 265 3292 ἐν
276 3253 401 3293 coronam
418 3234 538 3300 auream)
554 3243 577 3284 et
593 3250 660 3298 quae
674 3243 768 3285 nostra
782 3243 843 3285 sunt
891 3225 1020 3304 aripennos
1034 3227 1168 3304 χρυσοῖν,1
1189 3226 1234 3282 καὶ
1253 3228 1355 3304 φρονεῖν
1374 3224 1408 3281 τὰ
1431 3227 1508 3300 ἡμῶν
1525 3225 1570 3282 καί

242 3333 343 3380 sentias
357 3329 493 3377 nobiseum
515 3331 539 3374 et
554 3338 688 3374 conserves
709 3325 845 3374 amicitias
891 3321 1029 3401 συντηρεῖν
1044 3312 1133 3393 φιλίαν
1148 3311 1213 3392 πρὸς
1225 3316 1306 3388 ἡμᾶς.

242 3422 277 3470 ad
290 3433 350 3468 nos.

279 3509 322 3560 it.
336 3509 370 3557 lit
384 3507 474 3556 induit
487 3516 513 3553 se
524 3502 653 3552 lonotlras
670 3501 740 3551 stola
751 3509 845 3551 sancta
933 3491 983 3549 ⁶21.
1002 3489 1057 3550 Καί
1070 3488 1211 3551 ἐνεδύσατο
1223 3487 1350 3556 'invitm
1363 3487 1410 3560 τὴν
1423 3487 1502 3566 θιγίαν
1515 3513 1572 3550 σεο·

244 3599 355 3662 septimo
376 3607 463 3644 mense
487 3606 559 3642 anno
579 3592 719 3640 centesimo
737 3605 847 3653 seraqe-
891 3577 941 3648 λὴν
965 3582 1003 3656 τῷ
1027 3576 1132 3658 ἑόδόμῳ
1159 3577 1223 3654 μηνὶ
1256 3577 1329 3643 ἔτους
1357 3575 1499 3648 ἑξηκοστοῦ
1527 3584 1572 3638 καί

245 3689 311 3736 simo
323 3687 354 3734 in
366 3685 409 3734 die
424 3683 537 3732 solemni
548 3681 728 3744 scenopeqiae,
745 3688 770 3730 et
784 3694 847 3729 ron·
894 3670 1038 3725 ίκατοστοῦ
1049 3668 1075 3724 lu
1087 3669 1165 3745 ἑορτῇ
1179 3666 1369 3742 σκηνοπηγίας,
1381 3665 1427 3724 καί
1441 3669 1573 3746 συνήγαγε

245 3777 368 3838 qreqarit
389 3773 534 3822 coercitum
560 3776 584 3820 et
609 3769 672 3834 serit
699 3782 776 3818 arma
804 3783 848 3818 cn·
895 3757 1020 3832 δυνάμεις
1032 3754 1078 3814 καί
1093 3754 1289 3814 κατεσκεύασεν
1305 3754 1375 3812 όπλα
1388 3754 1486 3836 γιολλαί.

245 3878 333 3929 ριοεο.

289 3985 344 4054 nti
366 3983 534 4051 Diodorus
556 3980 682 4048 siculus
700 3986 834 4061 narrat,
859 3985 1030 4067 Smyrnae
1054 3977 1136 4044 vixit
1157 3997 1243 4066 puer
1264 3977 1405 4067 quidam
1430 3979 1491 4067 qui
1511 3977 1576 4047 oris

246 4091 359 4183 specie
383 4087 553 4157 Antiocho
572 4085 751 4178 liupaton,
771 4085 879 4176 priori
900 4086 976 4172 regi
1002 4084 1120 4173 Syriae
1148 4083 1343 4151 simillimus
1368 4088 1402 4151 ol
1423 4085 1577 4154 eiusdem

246 4200 317 4266 fere
337 4197 458 4266 aetatis
483 4193 550 4260 fuit
572 4202 606 4261 ei
630 4196 771 4284 propter
794 4194 885 4260 hana
912 4191 1176 4260 similitudinem
1199 4213 1219 4257 a
1241 4191 1360 4258 multis
1383 4192 1579 4260 habebatur

248 4306 338 4374 filius
355 4300 516 4371 Antiochi
530 4299 719 4390 Epiphania
735 4299 791 4388 (ef.
809 4297 949 4380 Miller,
967 4303 1101 4386 Fragm.
1121 4297 1200 4364 hist.
1218 4319 1271 4384 gr.
1287 4303 1314 4364 ll
1330 4320 1366 4387 p.
1385 4303 1440 4364 ΧΗ
1457 4321 1489 4365 n.
1509 4301 1576 4384 ll).
1660 4341 1665 4352 ·

250 4417 327 4480 Erat
347 4412 377 4478 is
396 4407 538 4501 quidem
559 4405 667 4488 Balas,
690 4405 790 4472 sortis
808 4412 981 4473 extremae
1009 4403 1142 4472 iuvenis
1170 4403 1328 4492 (tustinus
1352 4405 1458 4492 35,1).
1484 4408 1580 4472 Hune

250 4519 380 4588 Attalus
400 4522 427 4584 ll
442 4537 502 4583 rex
517 4511 676 4600 Pergami
694 4513 897 4579 accersitum
912 4512 1105 4579 diademate
1121 4510 1255 4576 ornavit
1270 4514 1304 4575 ei
1317 4509 1396 4576 odio
1412 4509 1449 4576 in
1459 4514 1580 4578 Dema-

251 4627 355 4694 lrium
373 4621 554 4714 vimpulsus
580 4639 734 4686 rumores
759 4640 820 4707 par
846 4619 978 4706 Syriam
1008 4615 1220 4707 spargendos
1248 4616 1391 4696 curavit,
1419 4616 1582 4688 iuvenem

252 4733 351 4800 illum
364 4731 401 4799 in
419 4750 566 4818 regnum
585 4731 770 4818 palernum
784 4724 978 4792 rediturum
993 4745 1065 4790 esso
1080 4727 1236 4813 tompore
1252 4728 1458 4814 opportuno.
1476 4728 1514 4794 hi
1528 4728 1583 4796 in-

726 4851 908 4891 rnnnmtanonn
927 4852 952 4888 sn
969 4851 1045 4888 uncn.
1063 4865 1094 4874 -
1112 4843 1140 4887 12
