3625 5367
738 380 765 437 t.
790 395 882 440 nucu.
907 381 1007 450 tam.
1477 384 1534 442 mr

252 530 360 598 Simili
388 529 490 595 modo
518 527 706 595 Numenius
731 526 848 595 attulit
870 528 1030 618 clypeum
1060 549 1201 596 aureum
1233 529 1350 618 pondo
1377 552 1535 599 mnarum

208 636 304 704 mille
323 659 355 702 ν.
374 640 435 715 θθ;
456 634 591 724 pondus
614 633 719 701 huius
734 634 845 724 clypei
869 641 958 701 esset
980 635 1216 720 ingens;nam
1238 658 1351 704 mnam
1374 644 1535 725 Syrorum
1579 691 1580 694 ,
1647 671 1648 674 ¹

209 743 339 812 habere
355 747 420 810 aaa
432 762 475 827 gr
489 741 611 807 asserit
630 739 751 807 Nissen
770 739 978 828 (Metrologie
996 763 1029 830 p.
1049 747 1112 808 866
1133 741 1169 807 in
1185 748 1277 809 tomo
1297 743 1409 831 primo
1425 743 1538 811 Hand·
1697 723 1716 746 'l

210 850 301 916 buch
318 849 379 916 dcr
389 846 601 914 klassischen
621 847 1059 928 Altertumswissensehaft,
1077 847 1183 914 edidit
1197 853 1289 915 lwan
1304 872 1372 916 von
1387 839 1536 938 Mulier);

210 978 291 1023 mna
306 954 434 1021 euboea
452 953 558 1020 hahet
572 961 635 1022 t37
660 976 714 1041 gr,
733 976 812 1020 mna
834 954 938 1022 attica
956 959 1019 1020 t5o
1041 955 1215 1042 (tamaii)
1236 977 1290 1041 gr,
1309 978 1390 1022 mna
1409 956 1541 1024 Solonis

209 1069 273 1130 655
287 1084 341 1148 gr,
359 1082 440 1128 mna
452 1059 643 1147 aeginetica
657 1066 722 1126 617
738 1081 791 1146 gr.
811 1060 1017 1127 Incredibile
1032 1059 1167 1128 videtur
1183 1060 1341 1151 clypeum
1356 1062 1443 1128 tanti
1459 1085 1541 1152 pon·

210 1168 302 1237 deris
326 1166 405 1255 (662
422 1166 504 1254 ligr)
525 1166 627 1233 tuisse
648 1168 803 1233 allatum.
826 1172 949 1233 Vocem
971 1175 1065 1252 ὁλκῆς
1084 1190 1099 1233 s
1123 1167 1262 1258 quidem
1284 1169 1454 1258 exprimit,
1471 1191 1542 1235 non

211 1283 327 1343 tamen
341 1278 378 1353 S;
393 1272 486 1340 unde
506 1272 695 1340 secundum
714 1278 736 1340 S
754 1295 825 1340 non
844 1271 979 1362 pondus
994 1272 1105 1363 clypei
1127 1275 1300 1358 asseritur,
1317 1274 1376 1341 sed
1397 1276 1543 1363 pecunia

212 1382 331 1471 clypeo
349 1403 453 1447 aureo
474 1379 708 1468 aequivalens,
727 1401 796 1469 qua
809 1379 942 1447 ratione
958 1401 1028 1447 non
1047 1385 1143 1447 tanta
1158 1380 1324 1448 excitatur
1339 1381 1541 1461 admiratio;

214 1510 295 1554 mna
310 1487 449 1577 quidem
469 1487 660 1573 aeginetica
680 1486 873 1575 aequivalet
889 1491 952 1553 168
969 1491 996 1554 u
1016 1485 1185 1574 (monetae
1203 1489 1445 1574 germanicae),
1464 1509 1545 1554 mna

214 1594 346 1662 euboea
363 1601 404 1661 75
417 1598 456 1659 u.
473 1599 583 1681 Atque
600 1614 717 1660 vocem
735 1601 829 1676 ὁλκῆς
841 1592 958 1682 pondo
972 1615 1043 1659 esse
1060 1592 1256 1674 delendam,
1277 1594 1441 1662 suadetur
1458 1615 1545 1682 quo·
1627 1613 1629 1620 ·
1692 1581 1695 1590 ’
1719 1585 1725 1606 ’

215 1706 399 1791 que15,18
417 1720 425 1767 :
443 1700 634 1765 attulerunt
660 1699 819 1788 clypeum
841 1719 983 1765 aureum
1007 1720 1165 1766 mnarum
1183 1699 1290 1779 mille,
1309 1721 1377 1788 qua
1395 1699 1545 1767 dictione

216 1830 283 1874 uon
315 1805 450 1897 pondus
476 1804 600 1894 clypei,
631 1803 691 1870 sed
719 1804 869 1892 pretium
903 1805 979 1871 auri
1014 1805 1220 1872 declaratur.
1253 1806 1414 1893 Iosephus
1449 1810 1547 1872 vocat

217 1912 387 2003 clypeum,
402 1921 548 1996 σύμθελον
568 1930 623 1995 τῆς
638 1920 808 1998 συμμαχίας
825 1910 916 1999 (ant.
938 1913 1082 1996 tt,8,5);
1101 1911 1270 1978 eiusmodi
1286 1911 1376 1978 dona
1390 1911 1427 1978 in
1442 1912 1547 1978 docu-

219 2026 372 2087 mentum
386 2018 558 2086 societutis
572 2023 606 2084 et
618 2014 805 2097 amicitiae,
820 2017 873 2082 vel
886 2016 988 2082 etiam
1001 2016 1045 2083 ad
1061 2018 1286 2107 expetendam
1303 2019 1549 2107 protectionem

219 2126 464 2194 offerebantur.
1323 2137 1326 2142 ·

446 2424 473 2480 8.
495 2417 704 2478 Documentum
724 2415 758 2474 de
780 2413 890 2475 meritis
911 2415 1156 2476 Macchabaeorum
1180 2421 1330 2490 laea-m.

261 2664 349 2725 ttae.
369 2665 434 2713 Cum
457 2666 546 2711 cutem
571 2661 690 2709 audircet
710 2656 828 2723 populus
917 2645 1018 2712 1425.
1042 2641 1092 2708 Ὦς
1107 2641 1133 2702 δὲ
1148 2643 1259 2715 ἤκουσεν
1274 2647 1288 2702 δ
1303 2647 1385 2720 δῆμος
1399 2647 1451 2702 τῶν
1466 2644 1551 2723 λόγων

223 2751 370 2817 (romanus)
399 2763 531 2800 sermones
559 2750 633 2808 istos,
660 2749 788 2796 dicerunt
819 2759 827 2793 :
875 2730 984 2805 τούτων,
1027 2723 1111 2791 εἷπον·
1150 2731 1209 2791 τίνα
1249 2733 1329 2813 χάριν
1379 2733 1551 2810 ἀποδώσομεν

223 2857 303 2906 quam
315 2843 468 2904 prociarum
482 2839 612 2888 cottonem
625 2837 766 2886 reddemus
782 2835 827 2884 Si·
876 2820 980 2898 Σίμωνι
1000 2820 1045 2879 καὶ
1065 2824 1118 2888 τοῖς
1136 2824 1199 2888 υἱοῖς
1219 2824 1314 2896 αὐτοῦ;
1333 2825 1385 2883 26.
1408 2821 1553 2899 Ἐστήρισε

226 2933 297 2981 moni
318 2937 342 2979 el
365 2929 432 2994 filiis
456 2928 534 2977 eius?
549 2927 593 2977 ru.
607 2925 733 2975 Restituit
755 2923 827 2973 caim
875 2907 926 2988 γδιρ
946 2908 1024 2976 αὐτὸς
1041 2911 1087 2968 καὶ
1106 2913 1129 2969 οἱ
1149 2911 1256 2990 ἀδελροὶ
1276 2913 1355 2971 αὐτοῦ
1386 2909 1432 2970 καὶ
1450 2915 1463 2971 θ
1484 2902 1552 2978 οἶκος

226 3023 282 3086 ipre
296 3020 396 3083 [ratres
410 3023 507 3067 sacret
524 3015 688 3080 eapuqnccit
703 3015 828 3062 inimicos
875 3005 921 3056 τοῦ
957 2997 1059 3079 πατρὸς
1092 3000 1183 3072 «troo,
1210 2999 1256 3059 καὶ
1289 2999 1459 3076 ἐπολέμησαν
1493 2998 1554 3069 τοὺς

226 3109 312 3160 lsrael
332 3108 365 3156 ab
384 3108 432 3168 cis,
448 3112 472 3155 et
495 3111 648 3154 statuerunt
664 3105 688 3152 ei
713 3101 826 3151 liberta·
877 3085 985 3167 ἐχθροὺς
1001 3086 1111 3168 Ἰσραὴλ
1125 3091 1172 3148 ἀπ’
1188 3092 1274 3148 αὐτῶν
1292 3093 1336 3148 καλ
1352 3089 1467 3161 ἔστησαν
1483 3091 1554 3170 αὐτῷ

228 3205 328 3258 temet
347 3197 543 3259 descripserunt
565 3195 596 3242 in
618 3191 720 3242 tubulis
743 3190 828 3239 cereis
876 3176 1036 3254 ἐλευθερίαν,
1061 3179 1109 3236 27.
1136 3177 1181 3235 καὶ
1208 3177 1379 3258 κατέγραψαν
1405 3179 1432 3235 δν
1457 3178 1554 3244 δέλτοις

227 3294 252 3336 et
269 3291 416 3352 posuerunt
436 3285 466 3332 in
485 3281 574 3333 titulis
594 3283 624 3330 in
642 3286 728 3329 monte
748 3280 830 3329 Sion;
877 3265 993 3344 χαλκαῖς
1011 3265 1057 3321 καὶ
1076 3263 1163 3322 ἔθεντο
1180 3265 1206 3322 ἐν
1224 3266 1334 3335 στήλαις
1353 3266 1380 3320 έν
1400 3264 1455 3342 ὄρει
1474 3266 1553 3323 Σιών·

229 3376 261 3427 ¹27
277 3382 301 3424 et
316 3375 363 3424 troc
376 3380 412 3422 est
428 3371 575 3435 exemptum
589 3370 738 3432 scripturae
760 3381 765 3413 :
878 3353 923 3410 καὶ
942 3355 1019 3409 τοῦτο
1039 3351 1069 3410 τὸ
1088 3351 1246 3432 ἀντίγραφον
1266 3355 1312 3424 τῆς
1331 3356 1443 3432 γραφῆς·

301 3463 399 3512 Octava
426 3462 528 3511 decima
555 3459 598 3508 die
632 3457 728 3506 mensis
757 3452 831 3513 Elui,
919 3439 1153 3518 Ὀκτωκαιδεκάτρ
1191 3440 1300 3518 Ἐλοὺλ,
1328 3443 1399 3507 ἔτους
1433 3439 1553 3518 δευτέρου

230 3567 302 3602 anno
333 3552 472 3602 centesimo
495 3547 689 3613 septuagesimo
707 3543 831 3601 secando,
879 3526 925 3586 καλ
949 3526 1145 3603 έδδομηκοστοῦ
1170 3529 1216 3589 καὶ
1240 3533 1394 3600 ἑκατοστοῦ,
1411 3529 1456 3588 καὶ
1478 3534 1555 3589 τοῦτο

230 3655 303 3692 anno
317 3641 396 3690 tertio
410 3639 458 3688 sut
470 3639 577 3687 Simone
589 3634 723 3686 sacerdote
737 3644 834 3694 maevio
878 3614 967 3696 τρίτον
986 3615 1042 3683 ἔτος
1063 3616 1106 3674 inl
1129 3615 1247 3692 Σίμωνος
1273 3619 1417 3699 ἀρχιερέως
1441 3641 1467 3675 εν
1495 3621 1551 3676 Σα-

230 3732 262 3781 in
290 3728 438 3789 Asaramel,
462 3727 506 3778 28.
529 3727 559 3774 in
583 3729 713 3773 conuenta
737 3733 834 3784 mcqno
881 3707 976 3784 ραμελ,
998 3706 1048 3767 28.
1069 3705 1113 3764 lul
1143 3710 1296 3784 συναγωγῆς
1323 3707 1440 3783 μεγάλης
1465 3706 1555 3782 ἱερέων

230 3818 397 3870 sacerdotum
411 3824 434 3865 et
450 3815 546 3880 populi
560 3821 584 3863 et
596 3813 752 3878 principum
767 3823 834 3873 pen·
880 3795 926 3852 καὶ
945 3795 1010 3852 λαοῦ
1025 3795 1071 3852 καλ
1086 3793 1222 3873 ἀρχόντων
1241 3795 1329 3862 ἔθνους
1343 3795 1389 3854 καὶ
1403 3797 1456 3853 τῶν
1471 3816 1554 3872 πρεσ-

232 3911 267 3958 tir
284 3915 308 3957 et
323 3907 457 3956 seniorum
472 3905 590 3968 regionis
604 3908 669 3952 nota
684 3899 757 3964 saeta
773 3903 834 3947 sunt
881 3881 998 3963 ὅυτέρων
1015 3887 1062 3953 τῆς
1078 3883 1168 3962 χώρας
1186 3884 1325 3965 ἐγνώρισεν
1340 3887 1416 3961 ἡμῖν,
1429 3881 1473 3942 ἐπὶ
1488 3884 1554 3940 πολ-

233 3999 297 4048 accc
318 4011 326 4045 :
349 3995 476 4058 quoniam
499 3991 654 4056 frequenter
677 3990 750 4054 saeta
773 3992 835 4036 sunt
881 3972 957 4038 λάκις
997 3971 1156 4048 ἐγενήθησαν
1196 3971 1307 4050 πόλεμοι
1340 3974 1366 4032 έν
1401 3976 1434 4054 τῇ
1468 3969 1555 4055 χώρα,

233 4085 341 4152 proella
364 4085 395 4133 in
418 4084 525 4145 cepione
548 4089 652 4142 nostra,
674 4079 716 4129 29.
745 4078 837 4126 Simon
883 4065 933 4122 ⁶29.
949 4059 1043 4135 Σίμων
1064 4059 1091 4118 δέ
1113 4064 1127 4118 θ
1148 4061 1199 4129 υἱὸς
1220 4063 1375 4124 Ματταθίου
1396 4067 1410 4121 θ
1431 4061 1484 4127 att<
1507 4062 1559 4119 τῶν

236 4183 324 4225 aretem
340 4145 513 4222 'Kathatlctae
534 4171 606 4235 titius
626 4182 657 4218 ea
676 4168 742 4232 filiis
762 4164 838 4215 tarib
883 4154 946 4210 υἱῶν
970 4147 1080 4228 Ἰωσρλδ
1105 4152 1150 4210 καὶ
1172 4154 1196 4210 ol
1217 4151 1327 4233 ἀδελφοὶ
1348 4153 1429 4211 αὐτοῦ
1458 4153 1559 4209 ἔδωκαν

236 4272 261 4313 et
280 4263 380 4328 [ratres
394 4263 451 4311 eius
467 4260 597 4308 dederuut
618 4271 644 4307 se
667 4255 797 4321 periculo,
815 4257 838 4301 et
884 4237 992 4306 ἑαυτοὺς
1009 4243 1048 4319 τῷ
1063 4239 1174 4322 κινδύνῳ
1188 4241 1234 4301 καλ
1248 4240 1412 4314 δντέστησαν
1429 4243 1481 4303 τοῖς
1498 4243 1563 4294 ὑπε-

237 4353 395 4402 rectiterunt
419 4349 586 4399 aduersariis
611 4346 698 4409 pentir
719 4356 792 4403 cuae,
810 4348 839 4389 ut
885 4326 998 4393 ναντίοις
1020 4332 1066 4386 τοῦ
1094 4329 1179 4396 ἔθνους
1203 4333 1300 4406 αὐτῶν,
1322 4329 1393 4394 ὅπως
1421 4330 1504 4402 σταθῇ
1528 4324 1558 4381 al

237 4448 341 4492 starent
360 4445 453 4489 sancta
473 4439 593 4501 ipsorum
607 4443 631 4484 et
648 4434 698 4493 tea,
713 4441 736 4481 ct
751 4431 841 4494 ploria
888 4416 952 4494 ἅγια
976 4416 1063 4475 αὐτῶν
1085 4417 1132 4474 καλ
1156 4423 1170 4476 ὁ
1193 4417 1282 4494 νόμος,
1303 4417 1349 4475 κάλ
1373 4414 1433 4492 δόξῃ
1457 4412 1564 4490 μεγάλῃ

241 4545 339 4594 mauric
368 4529 589 4592 ymnificaverunt
621 4528 723 4587 pentem
755 4533 840 4570 cuam.
889 4503 1016 4570 θδόξασαν
1031 4503 1060 4562 τὸ
1075 4505 1146 4570 ἔθνος
1161 4509 1258 4566 αὐτῶν.

242 4620 284 4671 36.
305 4620 339 4668 Et
371 4615 544 4680 concrepuerit
581 4613 709 4663 ionatlrar
741 4615 844 4672 pentem
931 4593 981 4653 30.
1007 4591 1060 4651 Καὶ
1071 4591 1191 4672 ἤθροισεν
1209 4592 1336 4656 Ἰωνάθου
1351 4593 1380 4652 τὸ
1395 4591 1465 4656 ἔθνος
1480 4590 1567 4648 αὐτῶν

242 4722 318 4760 ruam
332 4714 356 4757 et
372 4706 458 4771 sactus
471 4711 508 4754 est
523 4703 583 4753 utu
597 4702 720 4752 sacerdos
732 4709 845 4760 macnus
891 4683 935 4741 καλ
959 4679 1070 4758 ἐγενήθη
1091 4683 1179 4750 αὐτοῖς
1203 4682 1340 4764 ἀρχιερεὺς
1363 4681 1409 4740 καὶ
1428 4675 1569 4759 epraeter,

242 4803 267 4846 et
298 4797 436 4862 appositus
469 4799 505 4842 cst
535 4793 569 4842 ad
596 4789 730 4856 poputum
757 4799 844 4836 suurn.
894 4769 958 4851 πρὸς
976 4769 1020 4829 τὸν
1040 4769 1103 4829 λαδν
1128 4773 1207 4832 αὐτοῦ
1239 4775 1289 4835 31.
1311 4770 1365 4832 Καὶ
1388 4768 1570 4842 ἐθουλήθησαν

694 4889 920 4932 :aceruatarum
937 4889 1012 4926 naeu.
1030 4903 1061 4913 -—
1080 4881 1108 4928 tc
