3625 5367
1403 391 1410 400 ι
1471 311 1526 368 1.
1575 327 1759 370 Maon.
1810 311 2048 375 7,6-17.
2983 315 3092 377 141

439 486 503 530 v.
539 470 577 530 6
614 482 702 530 :a
731 460 897 528 luda
924 481 1163 527 omnes
1203 459 1459 526 amicos
1503 460 1691 546 regis
1740 461 1950 526 fuisse
2003 459 2341 550 perditos3
2385 484 2455 528 se
2485 463 2668 551 ipsos
2710 467 3020 554 expulsos
3060 490 3099 534 a

436 591 557 641 sua
583 569 893 655 regione.
930 567 1148 633 Simul
1181 570 1449 656 petunt,
1480 572 1555 632 ut
1584 588 1701 632 rex
1733 565 2034 632 mitteret
2063 567 2309 634 ducem
2332 570 2452 656 qui
2484 571 2873 658 exploraret
2901 571 3097 640 dam-

434 699 600 745 num
644 675 914 742 illatum
973 674 1249 763 ipsis‘et
1293 672 1695 759 regionibus
1744 672 1929 758 regis
1971 679 2039 740 et
2099 677 2219 763 qui
2278 681 2626 743 coerceret
2680 678 3099 769 puniretque

436 804 671 850 omnes
694 782 981 849 asseclas
1010 787 1079 846 et
1108 779 1455 847 adiutores
1476 779 1682 846 Iudae
1706 802 1765 845 ν.
1800 786 1865 845 7.
1900 780 2255 869 Acquievit
2282 803 2427 863 rex;
2451 782 2662 868 elegit
2690 785 3099 854 Bacchidem

435 893 554 980 qui
585 895 733 956 erat
771 909 850 954 ex
879 886 1116 954 amicis
1146 887 1331 972 regis
1370 894 1436 953 et
1466 886 1692 952 fuerat
1717 885 1951 970 regius
1974 892 2283 976 satrapes
2320 888 2714 977 provinciae
2754 898 2943 959 trans
2976 898 3100 960 Eu-

433 998 751 1087 phraten,
795 1001 893 1063 καὶ
933 1003 1119 1081 μέγαν
1144 1003 1204 1061 ἐν
1236 1011 1311 1082 τῇ
1343 995 1615 1082 βαὰιλείᾳ
1640 991 1868 1058 virum
1909 1013 2247 1079 magnum
2276 993 2344 1059 in
2388 1016 2628 1081 regn0‚
2665 997 2786 1085 qui
2811 1003 3104 1067 auctori-

434 1109 573 1170 tate
612 1109 680 1168 et
726 1100 1199 1185 aestimatione
1247 1098 1595 1166 eminebat
1635 1099 1708 1163 in
1755 1120 1972 1185 regno
2011 1105 2080 1165 et
2128 1099 2278 1184 regi
2322 1099 2526 1189 plane
2567 1100 2880 1171 addictus
2927 1115 3097 1173 erat.

430 1233 496 1276 V.
533 1217 598 1277 8.
632 1208 958 1297 Iosephus
1000 1204 1405 1275 Bacchidem
1435 1204 1735 1303 amicum
1774 1204 1959 1290 regis
1997 1204 2315 1272 Antiochi
2338 1206 2719 1295 Epiphanis
2757 1212 3095 1294 nominat,

431 1316 543 1386 cui
574 1322 734 1382 tunc
760 1312 1278 1400 Mesopotamiae
1305 1311 1527 1377 omnis
1567 1312 2000 1401 praefectura
2029 1311 2292 1379 credita
2323 1317 2471 1380 erat
2521 1315 2880 1406 (12,10,2).
2911 1322 3101 1386 Hunc

431 1422 621 1490 misit
644 1444 762 1489 rex
794 1422 897 1510 (uc
926 1417 1189 1486 videret
1218 1423 1324 1484 etc
1354 1419 1544 1503 vulg.
1581 1417 1764 1511 quod
1797 1416 2348 1486 additamentum
2378 1441 2506 1486 neo
2541 1441 2785 1507 graece
2824 1445 2952 1491 nec
2983 1429 3048 1507 S,
3069 1447 3099 1491 s

431 1528 711 1616 legitur)
747 1533 817 1593 et
837 1526 1042 1593 etiam
1083 1524 1347 1591 Alcimo
1378 1523 1750 1591 destinavit
1800 1523 2257 1593 sacerdotium
2292 1535 2532 1610 ἔστησεν
2579 1534 2737 1615 αὐτῷ
2780 1538 2886 1613 τὴν
2926 1541 3099 1620 ἱερω-

430 1648 609 1718 σύνην
665 1635 729 1701 ei
775 1631 1283 1711 determinavit,
1319 1629 1689 1708 constituit,
1735 1628 2080 1717 simulque
2122 1630 2499 1714 mandavit,
2545 1639 2621 1699 ut
2657 1657 2910 1723 poenas
2959 1639 3097 1703 exi-

429 1746 630 1830 geret
652 1738 1168 1827 vindictamque
1199 1742 1474 1826 caperet
1504 1735 1589 1801 de
1623 1734 1779 1800 filiis
1817 1736 2045 1802 Israel.

522 1850 742 1936 Igitur
769 1846 994 1925 amb0‚
1027 1843 1401 1910 Bacchides
1426 1848 1492 1908 et
1511 1841 1841 1920 Alcimus,
1881 1863 2039 1907 cum
2066 1841 2360 1909 exercitu
2389 1865 2646 1932 magno
2666 1846 2736 1912 in
2778 1848 3100 1916 Iudaeam

429 1953 759 2046 profecti,
785 1951 1066 2019 nuntios
1095 1951 1432 2017 miserunt
1466 1948 1554 2014 ad
1593 1948 1839 2035 fratres
1864 1948 2324 2031 MachabanS,
2356 1949 2656 2038 quicum
2706 1954 2788 2019 iis
2818 1953 2902 2021 de
2934 1979 3100 2045 pace

429 2069 498 2131 et
531 2060 832 2128 amic-itia
857 2064 1175 2145 agerent-
1195 2059 1443 2123 Verum
1475 2060 1822 2142 sermones
1852 2053 1965 2121 isti
1999 2059 2280 2144 εἰρηνικοί
2299 2077 2438 2121 non
2466 2057 2714 2124 sinceri
2737 2069 2956 2143 erant,
2982 2063 3101 2130 sed

431 2173 585 2254 μετὰ
642 2175 819 2236 δόλου
857 2187 921 2231 v.
976 2171 1080 2231 10.
1126 2162 1201 2229 'ld
1234 2161 1425 2252 quod
1480 2158 1908 2250 potissimum
1959 2161 2347 2250 apparebat
2397 2164 2560 2250 qnia
2602 2186 2755 2231 cum
2802 2170 3112 2236 exercitu'

426 2295 690 2362 magno
730 2273 1176 2349 advenerant,
1211 2289 1423 2356 quare
1468 2269 1716 2333 fratres
1748 2265 2141 2333 machabaei
2179 2267 2614 2336 sermonibus
2659 2293 2896 2338 eorum
2939 2276 3098 2341 nul-

426 2383 574 2449 lam
604 2378 1034 2448 adhibebant
1059 2375 1266 2442 fidem
1302 2396 1365 2441 ν.
1402 2379 1508 2440 11.
1545 2373 1677 2440 Sed
1702 2372 1820 2439 alii
1849 2374 2118 2462 decepti
2146 2380 2303 2440 sunt
2335 2373 2566 2441 verbis
2596 2377 2728 2445 illis
2768 2381 3094 2468 pacificis

428 2495 536 2556 lta
563 2486 1012 2573 congregatio
1041 2481 1421 2565 scribarum
1460 2479 1508 2545 i.
1553 2502 1613 2547 e.
1646 2478 1848 2545 multi
1872 2478 2165 2561 scribae,
2194 2501 2313 2546 seu
2358 2479 2532 2566 legis
2565 2481 2876 2551 doctores
2906 2487 3099 2554 adie-

428 2601 599 2663 runt
619 2591 960 2659 Alcimum
982 2592 1049 2655 et
1076 2586 1482 2655 Bacchidem
1508 2594 1828 2670 ἑκζητῆσαι
1848 2591 2039 2652 δίκαια
2069 2586 2425 2673 exquirere
2445 2587 2644 2671 iusta,
2675 2589 2803 2672 iuS,
2841 2595 2918 2658 ut
2946 2593 3094 2659 scil.

427 2701 963 2792 protegerentur
985 2695 1197 2762 vitam
1231 2693 1664 2760 instituentes
1700 2690 2078 2757 secundum
2108 2690 2338 2778 legem
2378 2692 2487 2777 (cf.
2525 2695 2748 2783 6,59);
2783 2696 3103 2765 similiter

428 2805 739 2875 Assidaei
763 2825 1043 2893 quoque
1078 2800 1189 2890 (cf.
1237 2797 1423 2886 zm)
1467 2802 1666 2864 erant
1708 2796 1913 2885 primi
1946 2819 2024 2862 ex
2054 2796 2211 2862 filiis
2241 2797 2447 2893 Israel
2476 2801 2594 2888 qui
2625 2801 2819 2890 apud
2843 2826 2957 2871 eos
2987 2828 3102 2871 ex-

429 2913 807 3004 quirebant
837 2931 1098 3001 pacem,
1131 2912 1208 2973 ut
1249 2905 1395 2972 scil.
1421 2905 1546 2971 sibi
1589 2903 1827 2970 liceret
1861 2902 2151 2993 pacifice
2188 2904 2558 2971 secundum
2610 2907 2839 2994 legem
2871 2910 3102 2979 vivere

427 3043 502 3089 v.
546 3027 650 3087 13.
688 3024 769 3086 Et
796 3022 1034 3084 contra
1064 3011 1704 3105 prudentem'illam
1735 3010 2302 3078 Macbabaeorum
2331 3010 2788 3082 diffidentiam
2829 3017 2943 3085 isti
2974 3019 3107 3085 viri

430 3126 536 3218 pii
560 3125 839 3216 quidem
862 3122 983 3191 sed
1011 3121 1355 3211 simplices
1382 3116 1819 3207 excipiebant
1843 3140 1908 3185 v.
1949 3123 2026 3183 114
2057 3118 2410 3188 :sacerdos
2443 3142 2522 3185 ex
2552 3123 2850 3209 posteris
2878 3129 3104 3196 Aaron

430 3234 664 3314 venit3
698 3254 838 3299 non
878 3229 1178 3318 decipiet
1207 3249 1334 3293 nos
1373 3249 1435 3291 v.
1487 3232 1601 3303 1I43
1637 3223 1756 3312 qui
1787 3225 2028 3311 utique
2072 3223 2255 3290 idem
2292 3232 2360 3289 et
2399 3225 2662 3293 locutus
2693 3235 2792 3293 est
2820 3236 2888 3295 et
2918 3232 3105 3298 iura-

432 3346 673 3408 mento
698 3337 996 3404 firmavit
1028 3357 1094 3401 v.
1135 3340 1239 3400 15.
1273 3337 1524 3399 Verum
1564 3333 1850 3395 eventus
1888 3328 2214 3417 probavit
2254 3334 2434 3395 recte
2474 3329 2809 3399 iudicasse
2840 3337 3104 3403 Macha-

433 3448 675 3526 baeos3
719 3467 799 3511 ex
841 3443 938 3509 eis
982 3441 1166 3508 enim
1215 3440 1333 3528 qui
1380 3434 1824 3503 ‘sermonibus
1874 3432 2242 3501 fallacibus
2287 3434 2746 3519 crediderant,
2802 3440 3105 3510 Alcimus

432 3551 794 3638 sexaginta
820 3546 1065 3616 occidit
1092 3567 1231 3612 una
1262 3543 1399 3624 die,
1434 3545 1527 3608 ita
1550 3547 1626 3607 ut
1655 3540 1872 3607 verba
1900 3547 2000 3607 Ps.
2038 3546 2220 3620 78‚2.
2259 3547 2297 3605 3
2333 3540 2585 3609 iterum
2615 3544 2751 3611 sint
2788 3547 3100 3642 impleta.

435 3665 583 3737 Qua
612 3656 965 3746 impietate
998 3660 1063 3719 et
1096 3650 1389 3742 perfidia
1418 3648 1603 3717 inter
1638 3646 1787 3736 pios
1819 3645 2116 3712 maxima
2145 3645 2395 3712 exstitit
2434 3650 2897 3737 centur-batim
2942 3677 3104 3723 nam

436 3764 636 3832 nulla
671 3763 813 3829 iam
855 3760 1047 3843 fides,
1080 3758 1188 3826 ius
1224 3757 1494 3824 nullum
1525 3753 1713 3843 apud
1760 3752 2095 3820 Alcimum
2127 3761 2194 3818 et
2232 3753 2640 3821 Bacchidem
2680 3757 2984 3843 valebat3
3021 3761 3106 3828 de

336 3853 344 3859 ¹
440 3893 578 3961 quo
616 3873 1031 3938 conventum
1073 3870 1220 3931 erat
1273 3864 1386 3937 (cf.
1424 3860 1763 3948 6,59-61),
1800 3858 1991 3948 quod
2028 3859 2434 3931 iuramentis
2478 3866 2622 3927 erat
2660 3865 3100 3952 promissum,

440 3977 531 4044 ab
565 3976 651 4043 iis
680 3974 1015 4042 violatum
1063 3977 1184 4038 est.
1221 3975 1311 4036 Ex
1356 3966 1563 4035 modo
1593 3964 1929 4032 narrandi
1965 3964 2038 4031 in
2082 3988 2146 4031 v.
2188 3971 2268 4032 18
2314 3973 2495 4033 recte
2537 3967 2746 4036 infert
2784 3976 3112 4064 Iosephus

444 4089 718 4174 praeter
754 4079 1095 4147 Alcimum
1129 4077 1336 4143 etiam
1366 4072 1775 4142 Bacchidem
1809 4078 1877 4138 et
1914 4072 2172 4138 iurasse
2213 4080 2282 4139 et
2309 4073 2725 4145 interfecisse
2759 4103 2824 4146 v.
2866 4089 2970 4150 15.
3000 4090 3104 4152 16.

446 4189 544 4256 Ad
573 4189 863 4255 verbum
890 4189 1041 4254 κατὰ
1070 4195 1169 4252 τὶν
1209 4190 1393 4269 λὲγων
1418 4186 1479 4249 ὃν
1508 4190 1735 4269 ἔγραψε
1761 4201 1825 4245 V.
1862 4186 1940 4246 17
1973 4179 2218 4268 supple
2255 4203 2335 4246 ex
2362 4181 2573 4248 Verbo
2599 4185 2747 4273 ipso
2777 4198 2805 4255 ὁ
2847 4196 3107 4278 γράψας,

446 4296 531 4362 cf.
567 4305 739 4383 λέγει
770 4293 972 4359 Hebr.
1029 4296 1162 4373 1,7,
1211 4299 1413 4376 εἴρηκε
1455 4287 1656 4353 Hebr.
1686 4291 1797 4366 lost*
1835 4291 1994 4366 etc.;
2043 4290 2084 4352 S
2128 4307 2141 4354 :
2181 4289 2557 4355 secundum
2602 4294 2890 4360 verbum
2931 4298 3112 4384 quod

448 4402 615 4468 dixit
644 4393 1017 4492 prophet'a;
1044 4419 1075 4463 s
1106 4418 1120 4462 ε
1156 4394 1527 4462 secundum
1560 4391 1851 4459 verbum
1891 4392 2292 4480 scripturae.
2327 4398 2418 4459 Ex
2445 4395 2592 4483 ipso
2616 4398 2882 4484 psalmo
2904 4402 3115 4468 verba

449 4508 794 4597 quaedam
827 4507 1234 4594 deprompta
1254 4505 1450 4580 suut;
1481 4498 1670 4565 locus
1712 4497 1983 4583 integer
2014 4497 2127 4564 hic
2165 4505 2263 4564 est
2290 4518 2304 4562 t
2339 4510 2716 4587 posuerunt
2749 4506 3111 4574 morticina

450 4635 799 4681 servorum
830 4619 1103 4678 tuorum
1139 4628 1324 4674 escas
1351 4605 1746 4671 volatilibus
1777 4603 1976 4685 coeli,
2008 4625 2244 4670 carnes
2277 4616 2666 4672 sanctorum
2697 4622 2967 4678 tuorum
2998 4614 3112 4680 be-

451 4721 596 4788 stiis
624 4726 879 4799 terrae3
908 4715 1303 4809 effuderunt
1342 4711 1750 4799 sanquinem
1781 4731 2012 4776 eorum
2051 4715 2403 4798 tamquam
2433 4733 2684 4801 aquam
2713 4716 2785 4782 in
2820 4718 3111 4789 circuitu
