3625 5367
696 345 723 402 l.
747 358 838 403 naeu.
863 343 1023 416 taloan.
1470 347 1529 407 239

196 507 247 555 risl
269 519 360 555 seimus
385 507 416 554 iu
440 506 557 554 introitu
583 518 682 556 eorum.
702 503 745 554 λθ.
767 501 808 554 lll'
846 497 879 573 τῇ
901 493 988 574 ἐφόδῳ
1011 493 1107 553 αὐτῶν.
1126 493 1174 551 22.
1198 491 1252 552 Kal
1277 491 1465 573 ἀνιγροίψοιμεν
1492 496 1525 554 τὰ

193 596 349 659 scripsimus
369 608 437 657 quae
459 594 493 643 ab
518 595 653 643 riserant
676 594 749 642 dieta
770 595 802 642 in
846 580 892 638 ὑπ’
924 583 1010 640 αὐτῶν
1043 580 1171 658 εἰρημένα
1200 582 1227 640 ἐν
1257 585 1314 648 ταῖς
1343 583 1450 660 βουλαῖς
1477 590 1524 644 τοῦ
1551 605 1554 614 ·

193 683 316 733 conciliis
339 682 436 748 popull
456 683 517 731 sie:
537 682 683 733 Numenius
705 684 801 731 Aulio·
848 668 933 747 δῆμον
950 667 1041 736 οὕτως·
1056 669 1208 745 Νουμήνιος
1225 669 1358 750 Ἀντιόχου
1376 673 1420 729 καὶ
1438 669 1527 732 Ἀντί-

193 773 236 821 elsi
265 777 290 820 el
316 773 460 836 Antipater
483 771 589 820 tasonis
613 770 696 835 filius,
719 770 802 834 lopati
847 781 948 839 παιρος
966 757 1091 826 Ἰοίοωνος
1109 756 1270 838 πρὲσὸιυταὶ
1288 759 1422 819 Ἰουδαίων
1443 761 1527 833 ἤλθο-

193 860 355 910 ludaeorum
372 860 551 910 veneruntad
572 873 619 908 uos
642 866 802 909 renovantes
848 870 898 906 σαν
921 847 987 926 πρὸς
1006 851 1077 924 ἡμᾶς
1100 847 1287 925 ἀνανεούμενοι
1307 847 1353 920 τὴν
1373 850 1436 928 πρὸς
1454 854 1525 926 ἡμᾶς

194 949 330 999 rsobiscum
352 949 502 998 amicitiam
524 949 681 1012 pristinam.
704 947 748 998 23.
770 948 801 996 El
848 935 948 1015 pilius.
968 939 1017 996 ⁶23.
1035 935 1090 996 Καὶ
1107 935 1185 1015 ἤρεσε
1203 941 1240 1015 τῷ
1260 937 1336 1016 δήμῳ
1356 937 1526 1006 ἐπιδέξασθαι

192 1038 297 1102 placuit
309 1036 411 1101 populo
426 1038 546 1101 excipere
558 1038 632 1086 atros
647 1036 764 1099 ploriose
779 1043 802 1086 et
847 1024 907 1091 τοὺς
926 1023 1024 1104 ἄνδρας
1041 1024 1148 1094 ἐνδόξως
1167 1025 1213 1084 καὶ
1231 1031 1276 1084 τοῦ
1296 1025 1385 1085 θέσθαι
1403 1027 1433 1086 τὸ
1453 1028 1524 1087 ἀντί·

191 1140 289 1190 ponere
310 1125 458 1190 exemplum
482 1137 748 1175 sermonum‘eorum
772 1127 803 1174 ln
848 1136 948 1195 γραφον
968 1117 1019 1172 τῶν
1039 1113 1123 1192 λόγοιν
1142 1115 1228 1172 αὐτῶν
1247 1117 1274 1174 ἐν
1293 1123 1347 1182 τοῖς
1366 1116 1527 1194 ἀποδεδειγ-

193 1217 340 1278 seprepatis
358 1214 455 1278 populi
474 1213 563 1273 libris,
584 1222 613 1262 ut
634 1214 670 1262 sil
694 1215 802 1263 adme·
849 1203 937 1278 pirou
963 1205 1000 1284 τῷ
1027 1202 1103 1284 δήμῳ
1132 1202 1254 1281 psallere,
1276 1208 1323 1262 soii
1356 1204 1523 1281 μνημόσυνον

194 1305 308 1352 moriam
338 1302 440 1369 populo
467 1304 680 1367 Spartiatarum.
700 1303 802 1357 Eam·
848 1291 919 1371 ἔχειν
947 1291 991 1349 τὸν
1021 1293 1104 1365 δῆμον
1137 1295 1189 1351 τῶν
1217 1293 1406 1371 Σπαρτιατῶν.
1432 1293 1470 1354 Tb
1499 1292 1526 1352 δὲ

192 1392 268 1455 plum
288 1399 376 1442 autem
397 1393 492 1441 lorum
519 1393 676 1455 scripsimus
697 1393 803 1441 Simoni
849 1379 1009 1459 ἀντίγραφον
1026 1379 1126 1439 τούτοιν
1139 1381 1294 1462 ἐγράψαμεν
1312 1382 1415 1456 Σίμωνι
1432 1384 1526 1462 ἀρχιε-

195 1481 446 1543 mapnosoeerdoti.
528 1469 535 1482 '
850 1478 899 1548 ρεῑ.

230 1568 273 1620 24.
294 1569 356 1618 Post
370 1570 434 1618 laec
449 1578 539 1620 aulem
553 1570 628 1618 misit
645 1570 738 1618 Simon
749 1570 802 1620 llu-
889 1559 939 1617 tl.
966 1558 1044 1617 blesis
1073 1562 1156 1616 ταῦτα
1188 1556 1331 1617 ἀπέστειλε
1361 1557 1453 1636 Σίμων
1481 1559 1525 1618 τθν

195 1658 311 1706 ruentum
324 1641 444 1718 Romans,
462 1659 606 1707 habentem¹
618 1657 739 1722 elypeum
755 1672 802 1706 au·
849 1644 999 1722 Νουμήνιον
1014 1647 1050 1713 εἰς
1063 1643 1175 1725 Ῥώμην
1191 1646 1288 1727 ἔχοντα
1304 1646 1404 1706 ἀσπίδα
1420 1653 1525 1727 χρυσῆν

194 1759 268 1795 reum
285 1760 411 1808 moprtum
430 1748 518 1810 pondo
538 1760 663 1795 stauarum
678 1745 751 1795 mille
769 1747 802 1795 ad
849 1734 967 1812 μεγάλην
991 1733 1092 1814 (ὁλκῆς)
1113 1739 1185 1813 μνῶν
1204 1734 1297 1815 Ιμιλίων
1321 1736 1357 1801 εἷς
1378 1736 1408 1795 τὸ
1427 1740 1525 1808 στῆσαι

193 1835 363 1884 statuendam
375 1850 433 1884 cusu
446 1836 483 1884 ets
496 1836 658 1885 societatem.
847 1823 912 1903 πρὸς
926 1821 1019 1889 αὐτοὺς
1034 1821 1080 1894 τὴν
1095 1823 1263 1904 συμμαχίαν.

238 1982 451 2068 adglorians
465 1982 611 2052 Simonis
625 1983 728 2048 etiam
744 1981 893 2071 pertinet
909 1983 1003 2073 quod
1018 1989 1136 2071 gentes
1151 1989 1297 2066 exterae,
1315 1984 1474 2074 Spartani
1493 1991 1526 2052 et

196 2087 351 2170 Romani,
370 2109 447 2154 cum
464 2110 504 2155 eo
520 2087 660 2156 foedera
680 2090 935 2158 renovaverint.
954 2095 1062 2168 Quare
1080 2089 1117 2156 id
1137 2112 1274 2180 quoque
1292 2091 1358 2157 hoe
1374 2091 1448 2158 looo
1472 2113 1527 2158 re-

193 2195 303 2261 fertur
322 2199 356 2262 et
371 2195 486 2262 statim
501 2195 621 2282 elogiis
634 2194 707 2262 eius
726 2195 940 2282 adiungitur.
959 2200 997 2262 Et
1011 2197 1059 2264 ita
1079 2197 1232 2286 quidem,
1248 2204 1286 2264 ut
1297 2219 1393 2264 saeos
1407 2182 1527 2264 auctor

194 2302 291 2389 prius
301 2300 443 2390 quidem
458 2322 532 2368 rem
546 2301 656 2391 ipsam
670 2302 902 2368 renovationis
914 2306 1041 2370 statuat
1054 2303 1164 2371 laetae
1178 2326 1209 2368 v.
1229 2303 1526 2385 radamantum

196 2406 250 2474 vel
260 2407 377 2497 potius
392 2407 477 2496 ipsis
488 2407 611 2474 litteris
630 2407 783 2475 recitatis
795 2407 917 2504 doceat
930 2408 1073 2476 modum
1089 2431 1158 2498 quo
1169 2408 1345 2476 renovatio
1361 2411 1452 2478 laeta
1467 2410 1524 2477 sit.

194 2518 288 2580 Patet
305 2513 399 2581 enim
419 2536 451 2581 v.
472 2520 514 2580 20
530 2536 602 2602 seq.
628 2520 662 2581 el
685 2537 717 2582 v.
746 2520 788 2580 il
815 2515 988 2581 Simonem
1008 2537 1072 2604 per
1090 2515 1221 2600 legatos
1239 2517 1328 2583 hane
1352 2517 1526 2604 quaesisse

195 2619 466 2703 renovationem,
491 2641 579 2708 quae
608 2643 687 2688 eum
715 2621 761 2687 ab
786 2619 863 2687 aliis
885 2620 1079 2688 honorifice
1102 2643 1260 2688 eonoessa
1279 2628 1376 2704 esset,
1403 2623 1526 2688 merito

195 2725 325 2793 Simoni
341 2747 477 2815 quoque
493 2725 617 2793 honori
636 2732 670 2793 et
684 2726 819 2813 gloriae
835 2731 921 2793 evat.
944 2731 1052 2804 Quare
1068 2727 1151 2818 ipsis
1165 2728 1287 2811 litteris
1299 2736 1331 2794 et
1348 2751 1378 2794 v.
1397 2735 1439 2797 il
1453 2751 1527 2795 mo-

197 2854 330 2914 nemur,
346 2854 390 2900 ne
405 2855 438 2898 v.
457 2838 497 2899 18
515 2831 564 2900 ita
581 2831 850 2923 interpretemur
862 2855 902 2899 ae
917 2833 945 2900 si
961 2834 1121 2923 Spartani
1133 2840 1169 2901 et
1183 2835 1327 2902 Romani
1344 2835 1411 2925 ipsi
1430 2836 1527 2903 inoe-

195 2938 311 3027 perint
325 2945 442 3029 petere
462 2962 482 3006 a
497 2939 633 3007 Simone
650 2939 907 3006 renovationem
928 2941 1109 3008 amicitiae.
1130 2941 1225 3018 Quod
1241 2941 1362 3009 litteris
1380 2948 1413 3010 et
1428 2965 1460 3010 v.
1483 2949 1524 3011 il

196 3043 405 3128 enuntiatur,
424 3047 526 3112 etiam
546 3045 709 3136 exemplis
723 3045 985 3136 comprobatum
1003 3048 1159 3115 solebant
1174 3049 1265 3116 enim
1285 3049 1346 3140 qui
1359 3049 1396 3116 in
1410 3049 1526 3118 looum

197 3151 287 3237 regis
305 3174 363 3219 seu
386 3151 554 3242 principis
577 3158 824 3233 successerunt,
845 3152 912 3241 ipsi
932 3176 993 3243 per
1015 3155 1146 3241 legatos
1168 3161 1284 3244 petere
1306 3178 1326 3222 a
1347 3156 1523 3236 Romanis,

195 3263 234 3323 ut
250 3281 339 3347 quae
358 3280 437 3326 eum
458 3267 558 3348 patre
575 3260 718 3327 societas
738 3265 841 3348 atque
866 3259 1018 3326 amicitia
1038 3261 1168 3340 luisset,
1186 3282 1226 3326 ea
1244 3282 1358 3326 seeum
1381 3283 1526 3327 renova-

195 3370 291 3431 retur
323 3364 385 3453 (ita
411 3366 511 3454 petiit
539 3387 602 3453 per
627 3366 760 3450 legatos
781 3364 968 3430 Antiochus
992 3386 1062 3446 rex,
1084 3364 1194 3430 Livius
1220 3370 1316 3447 laen
1339 3365 1382 3432 ei.
1410 3371 1521 3447 l5‚ll.

195 3470 283 3560 Epit.
303 3478 361 3552 t63
378 3471 499 3559 Polyb.
521 3477 677 3554 33,1o,2;
701 3472 760 3538 Gr.
778 3469 850 3557 K.).
1527 3551 1530 3556 Ι

240 3579 358 3664 Legati
377 3578 538 3645 Romanis
552 3584 584 3645 et
596 3577 772 3668 Spartanis
786 3575 991 3643 nuntiarunt
1009 3582 1155 3644 mortem
1169 3579 1347 3658 lonatbae;
1365 3579 1438 3646 eius
1451 3579 1527 3645 loeo

195 3681 370 3751 Simonem
393 3684 550 3751 obtinere
573 3704 711 3751 omnem
734 3683 913 3769 regionem
934 3689 967 3748 et
991 3683 1093 3749 urbes
1116 3687 1240 3750 terrae.
1262 3683 1399 3750 Tabulis
1420 3685 1528 3750 aereis

196 3791 374 3858 renovatio
396 3789 543 3858 foederis
563 3789 609 3857 ab
628 3790 783 3879 utrisque
803 3794 854 3856 est
877 3788 1091 3876 consignata.
1114 3794 1205 3867 Quae
1229 3790 1440 3878 seripserunt
1463 3793 1529 3857 Ro-

197 3898 302 3981 mani,
320 3897 512 3965 recitantur
530 3902 709 3981 15‚lo-at;
726 3897 864 3963 litterae
880 3900 1128 3985 Spartanorum
1145 3895 1319 3964 habentur
1340 3918 1370 3962 v.
1395 3902 1455 3978 -20;
1471 3896 1528 3962 lit-

197 4008 289 4071 terae
303 4001 412 4072 lectae
428 4009 507 4071 sunt
524 4004 562 4070 in
583 4008 673 4071 eoetu
696 4002 818 4094 populi
836 4002 873 4069 in
895 4001 1093 4072 Ierusalem.
1118 4007 1363 4092 Spartanorum
1385 4011 1529 4091 ἄρχοντες

195 4109 464 4200 appellabantur
486 4120 600 4201 {papea
621 4109 720 4198 regia
743 4109 894 4197 dignitas
916 4109 1008 4198 apud
1030 4130 1088 4177 eos
1116 4110 1262 4177 iamdiu
1286 4110 1414 4177 abolita
1437 4115 1526 4190 erat3

197 4215 319 4307 Pelops
337 4217 398 4306 qui
421 4221 575 4306 Lycurgo
598 4216 686 4306 patri
709 4214 870 4284 suecessit
894 4238 986 4284 anno
1002 4222 1065 4283 211
1094 4223 1173 4284 ante
1198 4218 1275 4284 Chr.
1294 4217 1435 4284 ultimus
1455 4222 1529 4283 erat

197 4345 267 4404 rex,
281 4323 385 4391 Nabis
403 4323 547 4413 (oeeisus
566 4345 656 4391 anno
674 4329 832 4391 rorante
846 4322 942 4412 Chr.)
964 4322 1105 4392 ultimus
1124 4330 1290 4412 tyrannus
1309 4322 1403 4412 apud
1425 4327 1526 4410 Spar·

115 4461 120 4467 ·
197 4430 299 4498 tiatas
312 4433 385 4517 (Gr.
395 4433 429 4499 K
430 4431 467 4520 .).
480 4430 602 4497 [tiount
615 4430 760 4498 salutem
771 4429 961 4518 [retritum
975 4429 1018 4496 ef.
1037 4435 1128 4511 12‚6.
1139 4436 1194 4498 21.
1209 4434 1300 4506 Quae
1315 4429 1422 4514 legati
1435 4449 1527 4494 nuu-

197 4537 344 4620 tiabant‚
360 4538 613 4628 seripseruute'v
629 4555 695 4618 ταῖς
715 4545 839 4620 βουλαῖς
854 4553 905 4606 τοο
921 4544 1027 4622 δήμου,
1045 4535 1130 4602 aetia
1144 4533 1293 4625 publicis
1308 4535 1529 4602 inseruerunt

200 4645 328 4735 (lap),
348 4644 546 4735 plebiscitis.
563 4645 683 4732 Legati
696 4643 804 4712 iidem
814 4649 907 4725 sunt,
925 4663 1012 4732 quos
1027 4641 1187 4710 lauatbas
1200 4642 1341 4708 miserat
1360 4646 1471 4723 mus.
1490 4645 1527 4706 ln

200 4751 252 4818 rei
270 4752 475 4821 memoriam
497 4757 658 4822 testatum
678 4751 799 4819 volunt
822 4750 954 4837 legatos
978 4769 1057 4818 eum
1081 4748 1197 4816 debito
1219 4749 1351 4846 honore
1377 4769 1447 4816 esse
1471 4768 1529 4814 ex·
