3625 5367
275 366 294 423 t
635 380 673 423 nn
696 378 736 423 11s
759 378 839 428 ouen
862 379 893 421 m·
916 380 1005 423 niuno
1026 378 1242 424 marmarum.

274 519 338 595 rat,
356 513 394 579 in
408 512 462 579 ius
481 518 618 580 vocatus
635 534 655 579 a
674 534 755 599 rege
778 534 818 579 eo
841 512 983 579 ahsente
1004 512 1157 603 corrupit
1179 512 1430 593 Andronicum,
1447 514 1502 580 cui
1522 534 1601 580 vasa

274 622 419 711 pretiosa
435 640 453 686 e
470 618 602 709 templo
617 624 715 708 rapta
730 617 873 685 donavit
888 623 921 683 et
937 618 992 693 cui
1006 618 1187 708 persuasit,
1204 625 1245 686 ut
1262 618 1384 686 Oniam
1403 619 1447 685 de
1465 619 1605 685 sacrile-

275 728 334 815 gio
356 730 581 816 conquestum
605 725 831 792 occidendum
855 732 1002 793 curaret.
1026 724 1177 792 Simulac
1198 747 1256 791 rex
1279 746 1434 792 reversus
1454 730 1516 805 est,
1539 732 1607 793 tres
1701 715 1710 731 ¹

274 834 340 901 viri
359 857 377 901 e
399 831 592 900 senioribus
606 831 699 898 missi
716 832 904 899 Menelaum
927 836 1130 898 accusarunt
1148 831 1408 918 sacrilegiorum
1428 854 1517 921 quae
1533 832 1605 922 ipse

275 941 502 1008 commisisset
533 944 567 1005 et
597 938 834 1025 Lysimachum
863 943 1065 1027 perpetrare
1093 937 1255 1005 iussisset.
1282 942 1408 1005 Verum
1437 939 1607 1006 Menelaus

273 1047 393 1115 multis
413 1045 568 1136 pecuniis
587 1046 742 1133 corrupit
760 1042 996 1111 Ptolemaeum
1015 1044 1113 1135 cuius
1130 1066 1233 1111 suasu
1253 1044 1439 1111 Antiochus
1460 1068 1519 1111 rex
1536 1067 1607 1112 non

273 1176 384 1235 reum,
402 1152 462 1219 sed
476 1156 691 1218 accusatores
704 1156 813 1218 morte
824 1150 1014 1218 damnavit.
1029 1157 1114 1217 Ilum
1127 1149 1316 1217 Antiochus
1330 1173 1389 1217 rex
1399 1152 1437 1217 in
1451 1155 1606 1243 Aegypto

272 1259 403 1327 bellum
426 1263 574 1347 gereret,
595 1279 735 1325 rumore
762 1257 805 1323 de
830 1257 904 1324 eius
928 1263 1037 1324 morte
1059 1257 1095 1322 in
1118 1257 1245 1324 Iudaea
1267 1279 1386 1347 sparso
1408 1264 1509 1326 Iason
1527 1279 1606 1325 cum

271 1365 367 1437 mille
386 1365 469 1431 viris
489 1386 672 1451 aggressus
695 1364 816 1431 urbem
833 1362 1020 1431 Menelaum
1045 1364 1082 1430 in
1107 1385 1222 1430 arcem
1245 1365 1364 1451 lugere
1384 1365 1497 1451 coegit
1516 1365 1606 1431 etin

271 1474 360 1541 cives
373 1471 551 1539 saevitiam
567 1470 735 1537 exercuit.
751 1469 818 1536 Sed
833 1490 916 1556 rege
931 1470 1235 1560 appropinquante
1249 1470 1402 1558 aufugit3
1419 1454 1478 1538 rex
1491 1477 1605 1539 autem

270 1581 401 1647 Iasonis
421 1578 555 1645 lacinus
575 1582 740 1666 reputans
763 1576 970 1643 seditionem
989 1598 1029 1643 ac
1048 1574 1272 1643 rebellionem
1290 1578 1494 1645 Iudaeorum
1514 1577 1605 1643 inse

271 1693 304 1753 et
322 1684 522 1766 Menelaum,
541 1682 742 1773 pontificem
757 1706 778 1750 a
796 1706 831 1750 se
850 1684 1086 1763 constitutum,
1108 1682 1297 1750 crudeliter
1312 1684 1488 1751 saeviebat
1500 1683 1539 1750 in
1552 1683 1604 1751 iu-

271 1793 362 1860 colas
376 1792 472 1860 urbis
486 1796 520 1858 et
534 1792 682 1857 Menelao
697 1789 785 1856 duce
800 1812 897 1857 sacra
910 1789 1031 1880 templi
1046 1811 1128 1855 vasa
1145 1789 1317 1879 rapiebat.

314 1901 589 1978 Ita'factumest,
606 1901 647 1962 ut
661 1896 727 1985 ipsi
744 1896 845 1986 impii
868 1917 1028 1985 proceres
1047 1896 1168 1985 populi
1182 1895 1273 1963 viam
1289 1898 1465 1986 aperirent
1481 1898 1601 1964 Antio-

269 2006 333 2073 cho
354 2004 443 2091 regi,
461 2024 533 2092 qua
556 2024 669 2069 mores
686 2025 831 2089 graecos
852 2008 885 2069 et
907 2001 1140 2069 idololatriam
1163 2002 1201 2069 in
1221 2003 1385 2071 Iudaeam
1410 2004 1600 2071 inveheret.

269 2112 445 2189 Quomodo
462 2110 499 2177 id
511 2114 681 2177 tentatum
697 2109 740 2176 sit
754 2114 788 2175 et
803 2131 874 2198 qua
890 2108 1105 2190 tortitudine,
1121 2108 1249 2198 quibus
1266 2108 1556 2177 vicissitudinibus
1566 2117 1603 2177 et

269 2220 390 2307 religio
405 2222 551 2307 paterna
565 2216 709 2282 defensa
726 2215 769 2281 sit
783 2221 816 2282 et
836 2214 997 2281 roborata
1010 2222 1045 2282 et
1059 2214 1220 2301 regimen
1233 2220 1396 2304 Syrorum
1412 2239 1602 2307 repressum

269 2331 303 2391 et
314 2324 505 2392 dominatio
521 2328 813 2390 Hasmonaeorum
833 2322 971 2388 condita
986 2327 1021 2387 et
1037 2322 1203 2403 stabilita,
1222 2322 1306 2389 haec
1328 2330 1548 2412 exponuntur
1562 2323 1605 2390 li-

270 2430 335 2498 bro
351 2432 478 2520 priore.

315 2542 437 2607 Omnes
447 2535 665 2603 consentiunt
679 2534 808 2601 librum
819 2535 973 2624 priorem
989 2536 1131 2603 maximi
1148 2558 1220 2601 esse
1235 2534 1489 2603 aestimandum
1500 2544 1603 2627 atque

271 2667 311 2713 eo
326 2644 425 2712 uobis
447 2641 602 2710 exhiheri
620 2640 855 2708 narrationem
879 2641 1061 2723 sinceram,
1088 2642 1157 2709 fide
1178 2642 1334 2729 diguam,
1356 2647 1389 2708 et
1411 2664 1498 2732 quae
1530 2642 1603 2733 ipso

271 2750 409 2819 dicendi
424 2771 551 2835 genere
565 2749 725 2837 simplici,
740 2748 785 2815 ah
801 2748 896 2814 omni
910 2748 991 2814 fuco
1007 2748 1120 2815 alieno
1135 2748 1302 2815 instructa
1315 2749 1421 2814 fidem
1435 2750 1539 2817 faciat
1551 2757 1604 2817 at-

271 2879 338 2946 que
354 2852 549 2941 legentibus
561 2853 738 2942 probetur.
753 2854 878 2943 Incipit
889 2855 1042 2920 narratio
1053 2878 1074 2921 a
1089 2855 1328 2921 conaminibus
1339 2855 1497 2921 Antiochi
1509 2855 1603 2941 regis

270 2959 457 3030 invehendi
472 2981 586 3025 mores
597 2980 749 3045 graecoS,
763 2958 925 3025 abolendi
941 2964 973 3025 et
984 2960 1222 3047 exstinguendi
1232 2961 1316 3028 ritus
1331 2960 1602 3050 religionemque

271 3068 487 3136 Iudaeorum.
502 3066 597 3131 Hisce
610 3064 787 3131 conatibus
806 3087 877 3132 sese
896 3066 1043 3156 opponit
1055 3088 1125 3133 una
1145 3065 1277 3133 familia
1291 3067 1511 3137 sacerdotalis
1525 3072 1604 3134 llas-

273 3195 516 3253 monaeorum3
533 3172 582 3261 pii
604 3171 663 3239 Dei
688 3170 834 3239 cultores
854 3171 1079 3259 colliguntur,
1097 3174 1293 3239 animantur
1309 3172 1354 3239 ad
1374 3174 1602 3262 pugnandum

272 3304 335 3371 pro
359 3280 427 3347 aris
451 3285 483 3346 et
502 3279 586 3345 locis
609 3282 643 3345 et
663 3277 808 3349 ducibus
836 3278 1046 3346 Machabaeis
1067 3280 1254 3346 restituitur
1277 3278 1412 3366 religio,
1434 3287 1604 3367 coguntur

274 3410 373 3473 reges
387 3388 505 3475 Syriae
521 3385 565 3451 ad
585 3384 842 3452 concedendam
861 3386 999 3452 veniam
1012 3384 1154 3453 vivendi
1172 3385 1362 3454 secundum
1375 3386 1460 3453 ritus
1475 3409 1602 3453 mores-

273 3516 339 3583 que
363 3499 536 3583 paternos,
553 3491 720 3558 excutitur
735 3491 873 3559 demum
894 3492 1017 3578 iugum
1031 3490 1183 3559 alienum
1206 3498 1239 3558 et
1257 3492 1433 3559 stabilitur
1446 3493 1602 3579 dynastia

272 3606 571 3668 Ilasmonaeorum.

319 3706 423 3785 Quale
436 3705 617 3774 consilium
626 3709 760 3772 secutus
776 3706 821 3771 sit
835 3727 933 3771 sacer
945 3711 1074 3784 auctor,
1089 3705 1190 3772 facile
1206 3704 1489 3794 deprehenditur.
1507 3705 1601 3773 I'iam

262 3814 347 3882 scil.
362 3813 522 3893 delineat,
541 3834 608 3900 qua
624 3834 663 3877 ex
678 3811 783 3879 variis
803 3811 989 3901 multisque
1008 3812 1263 3879 calamitatibus
1281 3817 1316 3877 et
1334 3811 1479 3878 internis
1493 3819 1526 3879 et
1545 3836 1599 3879 ex-

274 3920 379 3988 ternis
392 3918 531 3987 tandem
548 3925 751 4007 perventum
772 3918 817 3984 sit
835 3918 878 3984 ad
896 3918 1099 4004 erigendam
1115 3920 1152 3984 in
1172 3918 1296 3985 Iudaea
1310 3916 1503 4005 dynastiam
1522 3924 1600 3986 IIas-

273 4047 509 4093 monacorum.
530 4029 598 4091 Hac
621 4023 771 4091 stabilita
785 4030 817 4091 et
845 4029 969 4091 Ioanne
990 4029 1144 4111 Hyrcano
1160 4023 1315 4108 regimen
1331 4024 1456 4115 adepto
1473 4024 1598 4091 librum

271 4132 429 4201 absolvit.

317 4239 399 4305 Huic
419 4237 560 4305 consilio
576 4237 681 4327 plane
696 4237 858 4323 congruit
876 4238 997 4303 modus
1021 4260 1088 4327 quo
1109 4235 1232 4304 merita
1253 4243 1287 4304 et
1301 4238 1441 4306 virtutes
1460 4242 1598 4304 Hasmo-

270 4367 436 4414 naeorum
457 4344 619 4411 describit
631 4349 665 4409 ct
677 4345 906 4410 commendat.
925 4351 962 4411 In
978 4366 1111 4411 summo
1124 4343 1303 4429 roligionis
1316 4345 1471 4435 periculo
1486 4367 1600 4411 essur-

269 4455 321 4540 gIt
339 4451 537 4521 Mathathias
556 4450 685 4517 zelatus
701 4451 815 4536 legem
835 4450 921 4518 sicut
945 4450 1090 4517 Phinees
1110 4451 1217 4539 (226)
1233 4457 1266 4517 et
1283 4452 1425 4517 collecto
1449 4452 1598 4518 exercitu

267 4560 359 4626 viam
374 4558 509 4649 aperuit
528 4556 739 4647 reprimendi
760 4564 931 4647 apostatas
953 4564 987 4623 et
1005 4556 1219 4643 alienigenas
1239 4564 1272 4624 et
1295 4558 1496 4624 restituendi
1516 4559 1598 4624 reli—

266 4664 423 4752 gionem;
441 4666 582 4732 iamiam
603 4662 790 4730 moriturus
812 4663 891 4729 filiis
914 4663 997 4752 quid
1019 4665 1218 4752 profuturo
1239 4664 1484 4752 praestandum
1512 4668 1597 4731 esset

266 4773 407 4859 egregia
428 4772 667 4840 exhortatione
687 4770 841 4859 exposuit
864 4772 957 4859 (2,50
980 4772 1056 4861 sq.).
1075 4773 1184 4838 Patris
1203 4772 1334 4836 monita
1347 4778 1382 4838 ct
1400 4772 1593 4860 exemplum
