3625 5367
712 405 738 462 1.
763 419 855 462 usca.
879 403 1019 475 9,30-31.
1473 407 1529 466 167

195 551 256 640 qui
268 551 386 639 itaque
399 551 438 618 iu
449 574 533 641 pace
543 558 576 620 et
592 553 630 638 iu
645 553 736 620 bello
748 553 983 643 principatum
998 561 1112 641 gerct3
1130 577 1208 622 eum
1222 558 1324 624 simul
1338 558 1375 623 in
1395 557 1529 624 Pontifi-

195 679 270 724 cem
288 657 435 725 electum
456 679 527 726 esse
550 663 638 751 [κιρ.
656 662 781 728 censet.
800 659 966 748 Iosephus
990 660 1131 749 quidem
1150 663 1301 730 affirmat
1319 684 1325 729 :
1342 663 1454 752 tudes,
1472 671 1524 748 τὴν

196 767 417 853 ἀρχιερωσύνην
439 774 506 846 ἔτος
529 775 625 854 τρίτον
650 766 805 854 κατασχὼν
834 769 991 848 ἀπέθανεν,
1012 768 1105 855 quod
1123 769 1150 834 si
1166 792 1282 836 verum
1300 775 1399 852 esset,
1417 775 1530 859 posset

192 893 255 961 pro
269 892 307 937 eo
325 874 387 940 ἀντ’
404 877 492 940 αὐτοῦ
506 895 540 938 ν.
558 879 600 938 30
620 874 669 940 ita
682 872 849 959 intelligi;
864 877 900 938 ct
914 872 955 938 de
969 874 1134 941 tonat-hau
1145 877 1217 966 ipse
1233 877 1395 966 Iosephus
1415 876 1526 944 solum

195 977 279 1044 dicit
293 990 459 1066 στρατηγὸς
478 983 684 1048 ἀποδείκνυται
700 979 827 1069 (nntiq.
845 977 988 1068 13‚1,1).
1006 980 1096 1048 ulud
1111 988 1227 1049 autem
1241 982 1428 1050 triennium
1445 1005 1531 1072 pon-

195 1083 346 1152 tificatus
364 1082 467 1151 ludce
489 1107 560 1152 non
581 1085 747 1165 consistit3
766 1106 848 1152 nam
875 1085 1000 1152 tolsum
1023 1089 1187 1179 estquod
1209 1089 1374 1179 Iosephus
1395 1095 1524 1170 narrat,

195 1189 365 1258 Alcimum
382 1197 459 1280 post
470 1189 604 1259 cladem
624 1191 799 1259 Nicanoris
820 1213 891 1260 esse
911 1197 1087 1260 mortuum
1113 1199 1147 1260 ot
1163 1195 1329 1285 populum
1351 1195 1527 1284 pontifica-

195 1302 268 1364 tum
280 1295 415 1363 dedisse
431 1297 535 1366 tudae
547 1298 828 1387 (12‚10,b);’nam
844 1297 993 1365 Alcimus
1004 1299 1091 1367 obiit
1103 1322 1193 1367 nuno
1208 1307 1270 1368 153
1285 1322 1385 1368 cerac
1401 1301 1525 1394 selenc.

195 1426 265 1472 uno
281 1404 353 1471 fece
371 1425 464 1471 onuo
479 1411 558 1494 post
580 1410 725 1472 mortem
744 1403 846 1472 tudae
864 1406 984 1494 (9,5t).
1003 1407 1163 1474 lonathcs
1178 1407 1333 1474 oblatum
1348 1406 1527 1498 priucipa-

85 1520 87 1524 “
194 1518 283 1590 tum,
303 1517 421 1596 ἥγησιν,
444 1547 488 1560 -
503 1532 587 1597 ergo
617 1510 706 1577 nihil
727 1511 769 1577 do
787 1511 987 1600 pontificatu
1006 1512 1137 1580 Alcimo
1157 1512 1270 1580 adhuc
1289 1513 1469 1603 superstite
1486 1551 1530 1564 -

194 1615 346 1707 suscepit
361 1620 395 1682 et
410 1616 486 1684 loco
502 1617 605 1685 tudae
623 1616 826 1704 magistratu
839 1617 900 1686 suo
913 1619 1012 1704 fungi
1032 1620 1144 1708 coepit
1163 1643 1196 1686 ν.
1215 1624 1273 1699 31;
1290 1620 1441 1687 surrexit
1452 1621 1475 1687 i.
1493 1643 1523 1688 e.

194 1728 374 1811 tamquam
395 1722 518 1791 ducem
543 1744 579 1789 se
609 1723 728 1810 gessit,
760 1723 920 1792 omuibus
957 1719 1126 1804 exhibuit3
1151 1726 1335 1815 imperium
1367 1747 1522 1794 exercerc

194 1831 318 1918 coepit.

454 2049 482 2106 t.
497 2044 639 2114 ,Facinus
650 2045 787 2122 file'oram
807 2045 927 2105 Iambri
945 2045 1112 2106 vindicetur
1134 2051 1267 2120 υθέ-42.

231 2260 801 2325 9,3‘2.Eteoanoae’tBacchidesetquaere·
888 2251 971 2318 932.
997 2250 1050 2309 Καὶ
1062 2248 1129 2325 έγνω
1141 2249 1279 2330 Βακχίδης
1291 2249 1338 2309 καλ
1350 2250 1436 2321 ἐζήτει
1449 2250 1526 2310 αὐτὸν
1588 2252 1590 2256 ’

197 2349 240 2398 bat
263 2361 323 2398 eam
347 2350 473 2400 occidere.
496 2350 540 2400 33.
560 2350 594 2400 Et
617 2352 740 2413 eoaaom’e
760 2351 801 2399 1ο·
847 2343 1013 2398 ἀποκτεῖναι.
1025 2340 1075 2398 33.
1090 2337 1144 2399 Καὶ
1156 2338 1223 2415 έγνω
1235 2339 1362 2400 Ἰωνάθαν
1375 2340 1420 2398 καί
1434 2339 1527 2416 Σίμων

194 2439 294 2488 nathae
318 2446 342 2487 et
366 2438 461 2488 Simon
481 2439 568 2503 frater
590 2424 648 2489 οίιιι
671 2445 696 2489 et
714 2453 801 2488 omnes
846 2430 861 2484 θ
883 2426 995 2507 ἀδελφὸς
1016 2428 1096 2484 αὐτοῦ
1120 2427 1164 2485 καὶ
1188 2427 1285 2493 πάντες
1306 2431 1330 2487 οἱ
1351 2427 1409 2502 μετ’
1434 2432 1525 2500 αὐτοῦ,

198 2527 246 2590 ραν·
269 2540 328 2576 cnm
349 2541 378 2578 eo
398 2534 486 2587 erant,
512 2534 536 2577 et
558 2527 687 2592 superum
707 2529 737 2576 ιἰι
758 2528 799 2576 dc·
846 2521 892 2573 nat
910 2514 1006 2594 ἔρυγον
1026 2516 1062 2583 εἷς
1080 2516 1128 2584 τὴν
1148 2514 1248 2594 ἔρημον
1262 2515 1357 2576 Θεκωὲ
1376 2518 1421 2574 καὶ
1441 2540 1526 2596 παρε-

194 2620 293 2664 eertum
335 2616 456 2665 Theonoe
494 2624 518 2665 et
560 2616 733 2665 consederant
766 2617 801 2665 ad
847 2603 1016 2662 νίθαλονέπλ
1032 2603 1060 2661 ab
1076 2601 1146 2681 ὕδωρ
1162 2604 1526 2684 λάκκουἈσφάρ.3θ.Καλ

195 2717 293 2766 aquam
315 2704 389 2754 taras
412 2705 529 2769 Δαρλατ.
555 2704 598 2755 34.
627 2706 660 2754 Et
677 2706 800 2768 αοριιουίι
846 2691 914 2770 ίγνω
933 2692 1067 2772 Βακχίδης
1086 2696 1118 2770 τῇ
1134 2691 1224 2775 ἡμέρα
1239 2695 1290 2750 τῶν
1311 2689 1455 2752 eododem
1479 2692 1524 2752 καί

194 2793 339 2842 Bacchides
359 2800 383 2842 et
398 2794 440 2842 dte
455 2793 629 2844 sabbatorum
648 2795 722 2844 cente
742 2794 800 2857 ipse
845 2771 923 2852 ἦλθεν
955 2779 1038 2848 αὐτὸς·
1056 2781 1103 2840 καὶ
1126 2789 1178 2839 πᾶν
1205 2781 1233 2840 τὸ
1259 2780 1416 2862 στράτευμα
1445 2784 1526 2842 αὐτοῦ

193 2888 218 2930 et
234 2882 321 2954 omnis
335 2883 465 2932 exereitus
485 2883 543 2932 eins
556 2889 636 2932 trans
646 2882 797 2933 Iordanem.
846 2870 929 2948 πέραν
943 2875 989 2928 τοῦ
1005 2868 1153 2949 Ἰορδάνου.

229 2969 273 3020 35.
289 2970 322 3021 Et
341 2973 472 3021 Ionatbar
492 2972 567 3020 mssa
586 2971 699 3036 fratrem
722 2985 800 3021 snam
885 2961 934 3020 35.
961 2957 1014 3019 net
1028 2959 1181 3018 ἀπέστειλεν
1192 2958 1319 3020 Ἰωνάθαν
1334 2959 1378 3020 τὸν
1394 2959 1523 3032 Ἰωάννην

193 3059 283 3108 ducem
312 3059 408 3124 populi
437 3066 462 3108 et
489 3061 597 3121 roboant
626 3060 798 3110 Nabuthoeos
844 3048 957 3126 etatem
970 3050 1050 3106 αὐτοῦ
1064 3049 1211 3124 ἡγούμενον
1224 3055 1271 3108 τοῦ
1286 3047 1369 3130 ὄχλου
1382 3049 1428 3109 καὶ
1441 3073 1524 3124 παρε-

193 3148 291 3197 amieos
310 3162 381 3209 suos,
402 3154 431 3197 eet
449 3149 643 3199 commodarent
667 3148 726 3199 iltis
747 3163 797 3213 ap·
844 3137 941 3195 κάλεαε
960 3136 1018 3204 τσθς
1038 3136 1208 3204 Ναθαταίους
1227 3137 1319 3218 φίλους
1338 3139 1418 3197 αὐτοῦ
1438 3161 1524 3217 παρα-

192 3238 540 3300 paratnmennmqnterat
556 3240 687 3302 copiosus.
704 3237 747 3287 36.
765 3239 798 3286 Ει
843 3225 935 3284 θέσθαι
969 3227 1058 3290 αὐτοῖς
1087 3225 1136 3294 τὴν
1169 3223 1321 3308 ἀποσκευὴν
1358 3227 1445 3284 αὐτῶν
1476 3225 1524 3297 τὴν

193 3325 315 3375 externat
342 3325 397 3391 fitte‘
430 3326 533 3376 lambri¹
566 3341 597 3375 ec
627 3326 742 3375 Hadaba
774 3333 797 3374 οι
843 3312 956 3384 πολλήν.
973 3315 1022 3372 36.
1042 3311 1097 3372 Καὶ
1118 3313 1225 3382 ἐξῆλθον
1248 3316 1272 3371 οἱ
1296 3313 1348 3372 stoi
1370 3312 1472 3392 Ἀμὸρὶ
1494 3317 1523 3372 tx

192 3414 448 3478 comprehenderam
489 3415 618 3464 loannem
654 3420 679 3462 ct
706 3415 797 3462 omnia
844 3400 964 3471 Μηδαθὰ
985 3400 1031 3458 καὶ
1052 3399 1195 3460 συνέλαθον
1218 3401 1346 3474 Ἰωάννην
1365 3401 1411 3460 καί
1434 3400 1523 3460 πάντα

193 3514 260 3564 qnae
285 3503 399 3552 babebat
419 3511 443 3552 ιι
462 3502 587 3553 abierant
612 3501 739 3552 babentes
754 3516 794 3550 ea.
843 3488 893 3547 ὅσα
915 3479 969 3568 εἶχε
991 3487 1037 3546 καὶ
1059 3491 1175 3561 ἀπῆλθον
1196 3487 1314 3568 ἔχοντες.
1330 3493 1379 3550 37.
1395 3491 1473 3551 Μετὰ
1495 3489 1521 3550 δέ

193 3589 237 3640 37.
263 3591 326 3640 Post
348 3593 411 3641 baec
434 3592 517 3641 verba
543 3592 731 3642 renuntiatam
760 3597 796 3640 est
843 3577 901 3646 τοὺς
919 3578 1013 3656 λόγους
1031 3576 1137 3645 τούτους
1151 3577 1317 3657 ἀπήγγειλαν
1337 3583 1374 3658 τῷ
1395 3579 1522 3639 Ἰιυνάθαν

192 3679 322 3729 Ionatbae
340 3673 493 3730 et'Simoae'
520 3680 605 3746 [ratri
633 3681 701 3746 eius,
732 3680 797 3743 qnia
842 3665 888 3726 καλ
900 3666 1050 3746 Σίμωνιτῷ
1060 3668 1164 3748 ἀδελφῷ
1177 3668 1256 3726 αὐτοῦ
1266 3666 1306 3725 ὅτι
1317 3669 1340 3726 οἱ
1351 3667 1403 3727 υἱοὶ
1417 3667 1521 3746 Ἀ’μὸρὶ

191 3767 244 3832 fitia·
266 3767 369 3818 lambri
383 3767 487 3832 faetent
511 3770 623 3834 nuptias
639 3781 753 3831 maanes
773 3776 798 3818 et
843 3761 947 3815 ποιοῦσι
965 3755 1051 3835 γάμον
1067 3755 1150 3833 μέγαν
1172 3757 1218 3815 καὶ
1237 3755 1331 3835 ἄγουσι
1349 3754 1397 3818 nto
1416 3753 1520 3836 νύμφην

191 3857 291 3907 dueum
322 3870 449 3922 ιροιιεαικ
481 3872 511 3906 ea
530 3909 533 3914 ,
554 3858 678 3917 Ιαθαθα,
708 3856 796 3922 fittam
843 3846 897 3905 άπὸ
921 3843 1062 3918 Ναδαθθθ,
1086 3842 1217 3923 θυγατέρα
1242 3845 1297 3912 tob<
1323 3846 1374 3903 τῶν
1400 3844 1521 3920 μεγάλων

190 3946 273 3996 antae
289 3946 320 3995 de
337 3948 444 4009 πορνεία
459 3947 632 4011 principibus
652 3947 795 4005 Cbanaan,
843 3934 1010 4012 μεγιστάνων
1025 3933 1149 4008 Χαναὰν,
1162 3933 1230 4011 μετά
1243 3937 1428 4012 παραπομπῆς
1437 3933 1519 4012 μεγά·

163 4064 165 4069 -
189 4047 250 4083 enm
264 4034 411 4084 ambitione
425 4048 534 4098 maana.
552 4035 596 4086 38.
612 4037 645 4084 Er
658 4035 795 4085 recordati
842 4025 900 4094 λης.
916 4025 965 4083 38.
982 4022 1040 4082 Καὶ
1055 4023 1227 4099 ἐμνήσθησαν
1242 4022 1366 4083 Ἰωάννου
1381 4027 1425 4081 τοῦ
1439 4022 1520 4084 ιἰθελ-

188 4129 251 4172 eunt
270 4124 416 4186 ιαπρυίιιίι
439 4124 552 4173 loannes
572 4123 670 4189 [ratris
697 4125 739 4173 snt
772 4131 796 4172 et
843 4117 890 4189 poi
910 4111 1059 4170 αὐτῶνκαὶ
1079 4110 1213 4185 ἀνέδησαν
1233 4111 1278 4171 καλ
1298 4112 1447 4192 έκρύθησαν
1469 4112 1520 4171 ὑπὸ

189 4211 367 4262 ascenderant
399 4218 423 4261 et
460 4212 655 4263 absconderunt
693 4225 720 4261 se
748 4212 796 4262 sub
842 4199 889 4271 τὴν
920 4201 1022 4272 σκέπην
1053 4208 1097 4260 τοῦ
1121 4201 1213 4279 ὄρους’·
1227 4203 1276 4263 39.
1297 4199 1343 4260 καλ
1366 4192 1434 4282 ἦραν
1459 4201 1519 4268 τοὺς

190 4304 339 4363 {caemento
366 4302 479 4360 monebu
500 4301 544 4352 39.
573 4309 597 4352 ει
626 4301 797 4351 elevaverant
841 4288 991 4368 ὀφθαλμοὺς
1005 4291 1091 4348 αὐτῶν
1106 4289 1152 4349 καί
1165 4285 1232 4364 ἴδον,
1249 4290 1294 4350 καὶ
1308 4289 1363 4348 teob
1379 4295 1452 4370 θροῦς
1472 4291 1517 4348 καλ

189 4388 278 4439 ocutos
291 4402 353 4439 enos
378 4395 402 4440 et
417 4390 559 4450 alderman
581 4396 606 4439 et
624 4403 679 4440 eece
694 4389 796 4440 tumut—
843 4377 980 4448 decantari
1002 4379 1098 4450 πολλὴ,
1116 4380 1161 4436 καὶ
1182 4379 1290 4460 νυμφίος
1312 4377 1403 4449 ἐξῆλθε
1425 4377 1471 4436 καὶ
1492 4381 1515 4436 at

190 4482 232 4525 tas
262 4484 287 4528 et
318 4486 469 4543 apparatus
501 4479 602 4528 mettas
631 4485 657 4529 et
684 4492 796 4543 sponsus
842 4467 913 4548 φίλοι
933 4468 1013 4527 αὐτοῦ
1033 4466 1079 4526 καὶ
1097 4471 1120 4527 οἱ
1137 4468 1245 4549 ἀδελφοὶ
1265 4469 1346 4525 αὐτοῦ
1363 4467 1400 4533 εἰς
1420 4465 1517 4524 συνάν-

189 4568 317 4628 proeeere't
341 4574 365 4617 et
388 4569 469 4618 amtet
488 4569 545 4617 eins
569 4575 593 4618 et
618 4566 718 4632 [ratres
739 4569 796 4617 eine
843 4579 918 4626 τησιν
943 4557 1029 4614 αὐτῶν
1052 4555 1120 4632 μετὰ
1143 4556 1288 4630 τυμπάνων
1311 4555 1355 4614 καὶ
1380 4559 1514 4628 μουσικῶν

191 4654 297 4704 obstem
317 4655 377 4706 eno
398 4670 456 4707 cnm
478 4658 615 4721 tympanis
640 4663 665 4706 et
685 4657 796 4704 musteis
841 4646 886 4701 καλ
905 4642 995 4703 ὅπλων
1009 4645 1124 4707 πολλῶν.
1140 4647 1190 4705 tt).
1209 4644 1262 4704 Καὶ
1281 4641 1456 4716 ἐξανέστησαν
1470 4643 1513 4703 ἐπ’

191 4748 216 4790 et
230 4747 314 4794 armis
332 4744 436 4795 mattis.
460 4745 502 4796 tt).
520 4747 553 4795 Et
577 4751 749 4795 surrexerunt
761 4744 795 4792 ad
842 4732 934 4802 αὐτοὺς
948 4733 1001 4794 derb
1015 4740 1060 4792 τοῦ
1074 4733 1176 4813 ένέθρου
1191 4732 1236 4792 καλ
1252 4733 1406 4793 ἀπέκτειναν
1423 4732 1518 4799 αὐτοὺς

190 4843 237 4882 eoe-
251 4846 282 4882 ea
304 4834 417 4886 insidiis
438 4842 462 4884 et
477 4834 630 4885 oeetdernm
651 4847 694 4884 eos
710 4839 735 4881 ιι
757 4842 795 4882 ca·
841 4822 887 4879 net
900 4821 996 4882 ίπισον
1011 4822 1172 4902 τραυματίαι
1184 4821 1277 4882 πολλοὶ
1289 4822 1334 4882 καί
1346 4823 1370 4881 οἱ
1383 4821 1517 4882 ἐπίλοιποι
