<?xml version="1.0" encoding="UTF-8"?>
<!DOCTYPE html PUBLIC "-//W3C//DTD XHTML 1.0 Transitional//EN"
    "http://www.w3.org/TR/xhtml1/DTD/xhtml1-transitional.dtd">
<html xmlns="http://www.w3.org/1999/xhtml" xml:lang="en" lang="en">
 <head>
  <title>
</title>
<meta http-equiv="Content-Type" content="text/html;charset=utf-8" />
  <meta name='ocr-system' content='tesseract 3.04.00' />
  <meta name='ocr-capabilities' content='ocr_page ocr_carea ocr_par ocr_line ocrx_word'/>
</head>
<body>
  <div class='ocr_page' id='page_1' title='image "./commentariusind00knabgoog/commentariusind00knabgoog_0438.png"; bbox 0 0 3625 5367; ppageno 0'>
   <div class='ocr_carea' id='block_1_1' title="bbox 197 253 1007 325">
    <p class='ocr_par' dir='ltr' id='par_1_1' title="bbox 197 253 1007 325">
     <span class='ocr_line' id='line_1_1' title="bbox 197 253 1007 325; baseline -0.004 -12"><span class='ocrx_word' id='word_1_1' title='bbox 197 256 254 313; x_wconf 69' lang='lat'><strong><em>428</em></strong></span> <span class='ocrx_word' id='word_1_2' title='bbox 716 253 745 311; x_wconf 71' lang='grc' dir='ltr'><strong><em>θ.</em></strong></span> <span class='ocrx_word' id='word_1_3' title='bbox 769 270 862 313; x_wconf 76' lang='grc' dir='ltr'>αλια.</span> <span class='ocrx_word' id='word_1_4' title='bbox 889 254 1007 325; x_wconf 65' lang='lat' dir='ltr'><strong><em>teu-3.</em></strong></span> 
     </span>
    </p>
   </div>
   <div class='ocr_carea' id='block_1_2' title="bbox 133 398 1583 3315">
    <p class='ocr_par' dir='ltr' id='par_1_2' title="bbox 133 398 1583 3315">
     <span class='ocr_line' id='line_1_2' title="bbox 195 398 1523 479; baseline 0.001 -22"><span class='ocrx_word' id='word_1_5' title='bbox 195 416 255 458; x_wconf 87' lang='lat' dir='ltr'><strong><em>rent</em></strong></span> <span class='ocrx_word' id='word_1_6' title='bbox 284 407 423 456; x_wconf 87' lang='lat' dir='ltr'><strong><em>adiutoria</em></strong></span> <span class='ocrx_word' id='word_1_7' title='bbox 446 406 499 455; x_wconf 80' lang='lat' dir='ltr'><strong><em>eibi</em></strong></span> <span class='ocrx_word' id='word_1_8' title='bbox 528 405 600 469; x_wconf 73' lang='lat' dir='ltr'><strong><em>saeta</em></strong></span> <span class='ocrx_word' id='word_1_9' title='bbox 625 406 656 454; x_wconf 86' lang='lat' dir='ltr'><strong><em>de</em></strong></span> <span class='ocrx_word' id='word_1_10' title='bbox 680 406 750 455; x_wconf 85' lang='lat' dir='ltr'><strong><em>coeio</em></strong></span> <span class='ocrx_word' id='word_1_11' title='bbox 775 415 798 457; x_wconf 86' lang='lat' dir='ltr'><strong><em>et</em></strong></span> <span class='ocrx_word' id='word_1_12' title='bbox 846 402 916 461; x_wconf 79' lang='grc' dir='ltr'>κατὰ</span> <span class='ocrx_word' id='word_1_13' title='bbox 931 407 992 461; x_wconf 78' lang='grc' dir='ltr'>νοῦν</span> <span class='ocrx_word' id='word_1_14' title='bbox 1006 399 1040 459; x_wconf 73' lang='lat' dir='ltr'><strong><em>nh</em></strong></span> <span class='ocrx_word' id='word_1_15' title='bbox 1055 398 1232 479; x_wconf 88' lang='grc' dir='ltr'>προγεγονάτα</span> <span class='ocrx_word' id='word_1_16' title='bbox 1248 400 1337 465; x_wconf 84' lang='grc' dir='ltr'>αὖτοῖς</span> <span class='ocrx_word' id='word_1_17' title='bbox 1351 402 1397 457; x_wconf 79' lang='grc' dir='ltr'><strong><em>ἀπ’</em></strong></span> <span class='ocrx_word' id='word_1_18' title='bbox 1413 400 1523 479; x_wconf 77' lang='grc' dir='ltr'>οὐρανοῦ</span> 
     </span>
     <span class='ocr_line' id='line_1_3' title="bbox 195 486 1526 571; baseline -0.002 -25"><span class='ocrx_word' id='word_1_19' title='bbox 195 512 266 546; x_wconf 82' lang='grc' dir='ltr'>ιιιιιια</span> <span class='ocrx_word' id='word_1_20' title='bbox 276 501 417 561; x_wconf 75' lang='lat' dir='ltr'><strong><em>sperarent</em></strong></span> <span class='ocrx_word' id='word_1_21' title='bbox 429 495 462 544; x_wconf 88' lang='lat' dir='ltr'><strong><em>ab</em></strong></span> <span class='ocrx_word' id='word_1_22' title='bbox 474 495 657 558; x_wconf 74' lang='lat' dir='ltr'><strong><em>omnipotente</em></strong></span> <span class='ocrx_word' id='word_1_23' title='bbox 667 495 720 544; x_wconf 84' lang='lat' dir='ltr'><strong><em>sibi</em></strong></span> <span class='ocrx_word' id='word_1_24' title='bbox 732 497 800 558; x_wconf 72' lang='lat' dir='ltr'><strong><em>atta·</em></strong></span> <span class='ocrx_word' id='word_1_25' title='bbox 848 491 1020 571; x_wconf 76' lang='grc' dir='ltr'>βοηθήματα,</span> <span class='ocrx_word' id='word_1_26' title='bbox 1034 489 1080 549; x_wconf 83' lang='grc' dir='ltr'><strong><em>ααὶ</em></strong></span> <span class='ocrx_word' id='word_1_27' title='bbox 1100 487 1136 547; x_wconf 77' lang='grc' dir='ltr'><strong><em>τίς</em></strong></span> <span class='ocrx_word' id='word_1_28' title='bbox 1155 494 1201 547; x_wconf 81' lang='grc' dir='ltr'><strong><em>νῦν</em></strong></span> <span class='ocrx_word' id='word_1_29' title='bbox 1223 489 1369 568; x_wconf 75' lang='grc' dir='ltr'>προςδοιιᾶν</span> <span class='ocrx_word' id='word_1_30' title='bbox 1389 486 1438 559; x_wconf 83' lang='grc' dir='ltr'>τὴν</span> <span class='ocrx_word' id='word_1_31' title='bbox 1452 487 1526 569; x_wconf 78' lang='grc' dir='ltr'>παρὰ</span> 
     </span>
     <span class='ocr_line' id='line_1_4' title="bbox 197 576 1524 659; baseline -0.002 -24"><span class='ocrx_word' id='word_1_32' title='bbox 197 594 286 635; x_wconf 84' lang='lat' dir='ltr'><strong><em>turam</em></strong></span> <span class='ocrx_word' id='word_1_33' title='bbox 306 585 455 635; x_wconf 84' lang='lat' dir='ltr'><strong><em>uictoriam.</em></strong></span> <span class='ocrx_word' id='word_1_34' title='bbox 471 583 496 633; x_wconf 89' lang='grc'><strong><em>9.</em></strong></span> <span class='ocrx_word' id='word_1_35' title='bbox 513 584 545 632; x_wconf 82' lang='lat' dir='ltr'><strong><em>Et</em></strong></span> <span class='ocrx_word' id='word_1_36' title='bbox 565 583 697 633; x_wconf 77' lang='lat' dir='ltr'><strong><em>allocutae</em></strong></span> <span class='ocrx_word' id='word_1_37' title='bbox 712 598 754 633; x_wconf 78' lang='lat' dir='ltr'><strong><em>ece</em></strong></span> <span class='ocrx_word' id='word_1_38' title='bbox 769 585 799 633; x_wconf 86' lang='lat' dir='ltr'><strong><em>de</em></strong></span> <span class='ocrx_word' id='word_1_39' title='bbox 846 586 892 641; x_wconf 84' lang='grc' dir='ltr'><strong><em>τοῦ</em></strong></span> <span class='ocrx_word' id='word_1_40' title='bbox 921 579 1133 659; x_wconf 77' lang='grc' dir='ltr'>παντοκράτορος</span> <span class='ocrx_word' id='word_1_41' title='bbox 1161 576 1289 654; x_wconf 71' lang='grc' dir='ltr'>ἐσομένην</span> <span class='ocrx_word' id='word_1_42' title='bbox 1319 576 1409 642; x_wconf 77' lang='grc' dir='ltr'>αὐτοῖς</span> <span class='ocrx_word' id='word_1_43' title='bbox 1436 576 1524 646; x_wconf 87' lang='grc' dir='ltr'>νίιιην.</span> 
     </span>
     <span class='ocr_line' id='line_1_5' title="bbox 198 665 1527 747; baseline 0.001 -23"><span class='ocrx_word' id='word_1_44' title='bbox 198 676 253 737; x_wconf 77' lang='lat' dir='ltr'><strong><em>tepe</em></strong></span> <span class='ocrx_word' id='word_1_45' title='bbox 266 682 290 723; x_wconf 88' lang='lat' dir='ltr'><strong><em>et</em></strong></span> <span class='ocrx_word' id='word_1_46' title='bbox 302 674 450 737; x_wconf 77' lang='lat' dir='ltr'><strong><em>prophetie,</em></strong></span> <span class='ocrx_word' id='word_1_47' title='bbox 462 672 607 722; x_wconf 79' lang='lat' dir='ltr'><strong><em>adnwnens</em></strong></span> <span class='ocrx_word' id='word_1_48' title='bbox 622 675 703 722; x_wconf 89' lang='lat' dir='ltr'><strong><em>etiam</em></strong></span> <span class='ocrx_word' id='word_1_49' title='bbox 717 680 800 722; x_wconf 79' lang='lat' dir='ltr'><strong><em>certa·</em></strong></span> <span class='ocrx_word' id='word_1_50' title='bbox 846 673 876 731; x_wconf 87' lang='lat'><strong><em>9.</em></strong></span> <span class='ocrx_word' id='word_1_51' title='bbox 893 669 948 729; x_wconf 84' lang='grc' dir='ltr'><strong><em>Καὶ</em></strong></span> <span class='ocrx_word' id='word_1_52' title='bbox 961 668 1199 747; x_wconf 84' lang='grc' dir='ltr'>παραμυθούμενος</span> <span class='ocrx_word' id='word_1_53' title='bbox 1215 665 1309 731; x_wconf 79' lang='grc' dir='ltr'>αὐτοὺς</span> <span class='ocrx_word' id='word_1_54' title='bbox 1329 668 1359 725; x_wconf 72' lang='lat' dir='ltr'><strong><em>iu</em></strong></span> <span class='ocrx_word' id='word_1_55' title='bbox 1377 670 1424 723; x_wconf 79' lang='grc' dir='ltr'><strong><em>τοῦ</em></strong></span> <span class='ocrx_word' id='word_1_56' title='bbox 1443 666 1527 741; x_wconf 76' lang='grc' dir='ltr'>νόμον</span> 
     </span>
     <span class='ocr_line' id='line_1_6' title="bbox 133 752 1529 837; baseline 0 -26"><span class='ocrx_word' id='word_1_57' title='bbox 133 767 136 775; x_wconf 83' lang='grc'>’</span> <span class='ocrx_word' id='word_1_58' title='bbox 197 766 272 813; x_wconf 87' lang='lat' dir='ltr'><strong><em>mina</em></strong></span> <span class='ocrx_word' id='word_1_59' title='bbox 291 776 359 824; x_wconf 83' lang='lat' dir='ltr'><strong><em>qaae</em></strong></span> <span class='ocrx_word' id='word_1_60' title='bbox 380 762 498 825; x_wconf 69' lang='lat' dir='ltr'><strong><em>fecerant</em></strong></span> <span class='ocrx_word' id='word_1_61' title='bbox 516 762 604 825; x_wconf 83' lang='lat' dir='ltr'><strong><em>prius,</em></strong></span> <span class='ocrx_word' id='word_1_62' title='bbox 619 764 800 827; x_wconf 70' lang='lat' dir='ltr'><strong><em>promptiores</em></strong></span> <span class='ocrx_word' id='word_1_63' title='bbox 847 758 893 816; x_wconf 79' lang='grc' dir='ltr'><strong><em>καὶ</em></strong></span> <span class='ocrx_word' id='word_1_64' title='bbox 910 760 962 815; x_wconf 90' lang='grc' dir='ltr'>τῶν</span> <span class='ocrx_word' id='word_1_65' title='bbox 980 759 1132 837; x_wconf 75' lang='grc' dir='ltr'>προφητῶν,</span> <span class='ocrx_word' id='word_1_66' title='bbox 1144 754 1365 834; x_wconf 87' lang='grc' dir='ltr'>προςυπομνήσας</span> <span class='ocrx_word' id='word_1_67' title='bbox 1387 752 1415 812; x_wconf 83' lang='grc' dir='ltr'><strong><em>δλ</em></strong></span> <span class='ocrx_word' id='word_1_68' title='bbox 1435 753 1529 820; x_wconf 80' lang='grc' dir='ltr'>αὖτοὺς</span> 
     </span>
     <span class='ocr_line' id='line_1_7' title="bbox 198 834 1525 923; baseline -0.001 -21"><span class='ocrx_word' id='word_1_69' title='bbox 198 850 800 902; x_wconf 76' lang='lat' dir='ltr'><strong><em>constituitecs.10.Etitoanimireoram</em></strong></span> <span class='ocrx_word' id='word_1_70' title='bbox 847 847 893 905; x_wconf 80' lang='grc' dir='ltr'><strong><em>καί</em></strong></span> <span class='ocrx_word' id='word_1_71' title='bbox 921 846 981 914; x_wconf 74' lang='grc' dir='ltr'>τοὺς</span> <span class='ocrx_word' id='word_1_72' title='bbox 1012 848 1115 923; x_wconf 86' lang='grc' dir='ltr'>άγῶνας</span> <span class='ocrx_word' id='word_1_73' title='bbox 1144 843 1188 910; x_wconf 74' lang='grc' dir='ltr'>οὓς</span> <span class='ocrx_word' id='word_1_74' title='bbox 1219 834 1288 915; x_wconf 84' lang='grc' dir='ltr'>ήσαν</span> <span class='ocrx_word' id='word_1_75' title='bbox 1319 841 1525 914; x_wconf 65' lang='lat' dir='ltr'><strong><em>inveniatur,</em></strong></span> 
     </span>
     <span class='ocr_line' id='line_1_8' title="bbox 198 930 1583 1014; baseline -0.004 -24"><span class='ocrx_word' id='word_1_76' title='bbox 198 942 289 991; x_wconf 78' lang='lat' dir='ltr'><strong><em>erectis</em></strong></span> <span class='ocrx_word' id='word_1_77' title='bbox 305 939 386 989; x_wconf 79' lang='lat' dir='ltr'><strong><em>simut</em></strong></span> <span class='ocrx_word' id='word_1_78' title='bbox 405 939 557 989; x_wconf 78' lang='lat' dir='ltr'><strong><em>ostendebat</em></strong></span> <span class='ocrx_word' id='word_1_79' title='bbox 576 942 696 1001; x_wconf 79' lang='lat' dir='ltr'><strong><em>pentium</em></strong></span> <span class='ocrx_word' id='word_1_80' title='bbox 713 939 802 1004; x_wconf 73' lang='lat' dir='ltr'><strong><em>satta·</em></strong></span> <span class='ocrx_word' id='word_1_81' title='bbox 848 934 1057 1014; x_wconf 77' lang='grc' dir='ltr'>προθυμοτέρους</span> <span class='ocrx_word' id='word_1_82' title='bbox 1089 930 1183 1000; x_wconf 74' lang='grc' dir='ltr'>αὐτοὺς</span> <span class='ocrx_word' id='word_1_83' title='bbox 1213 931 1373 1001; x_wconf 82' lang='grc' dir='ltr'>κατέστησε.</span> <span class='ocrx_word' id='word_1_84' title='bbox 1398 934 1447 991; x_wconf 79' lang='grc'><strong><em>10.</em></strong></span> <span class='ocrx_word' id='word_1_85' title='bbox 1474 932 1528 991; x_wconf 84' lang='grc' dir='ltr'><strong><em>Καὶ</em></strong></span> <span class='ocrx_word' id='word_1_86' title='bbox 1577 968 1583 985; x_wconf 87' lang='grc'><strong>.</strong></span> 
     </span>
     <span class='ocr_line' id='line_1_9' title="bbox 198 1020 1530 1101; baseline -0.002 -22"><span class='ocrx_word' id='word_1_87' title='bbox 198 1030 798 1092; x_wconf 83' lang='lat' dir='ltr'><strong><em>ciametiuramentorampraevaricationem.</em></strong></span> <span class='ocrx_word' id='word_1_88' title='bbox 848 1025 902 1089; x_wconf 81' lang='grc' dir='ltr'>τοῖς</span> <span class='ocrx_word' id='word_1_89' title='bbox 932 1028 1023 1101; x_wconf 80' lang='grc' dir='ltr'>θυμοῖς</span> <span class='ocrx_word' id='word_1_90' title='bbox 1054 1021 1182 1101; x_wconf 73' lang='grc' dir='ltr'>διεγείρας</span> <span class='ocrx_word' id='word_1_91' title='bbox 1213 1020 1319 1095; x_wconf 79' lang='grc' dir='ltr'>αὐτοὺς,</span> <span class='ocrx_word' id='word_1_92' title='bbox 1349 1020 1530 1097; x_wconf 76' lang='grc' dir='ltr'>παρήγγειλεν</span> 
     </span>
     <span class='ocr_line' id='line_1_10' title="bbox 201 1105 1531 1190; baseline -0.002 -22"><span class='ocrx_word' id='word_1_93' title='bbox 201 1117 378 1180; x_wconf 59' lang='lat' dir='ltr'><strong><em>resinata</em></strong></span> <span class='ocrx_word' id='word_1_94' title='bbox 390 1122 477 1166; x_wconf 84' lang='lat' dir='ltr'><strong><em>autem</em></strong></span> <span class='ocrx_word' id='word_1_95' title='bbox 487 1115 598 1167; x_wconf 85' lang='lat' dir='ltr'><strong><em>iiiorum</em></strong></span> <span class='ocrx_word' id='word_1_96' title='bbox 609 1120 736 1179; x_wconf 85' lang='lat' dir='ltr'><strong><em>armavit,</em></strong></span> <span class='ocrx_word' id='word_1_97' title='bbox 747 1132 802 1168; x_wconf 87' lang='lat' dir='ltr'><strong><em>nou</em></strong></span> <span class='ocrx_word' id='word_1_98' title='bbox 849 1112 907 1189; x_wconf 80' lang='grc' dir='ltr'><strong><em>ἅμα</em></strong></span> <span class='ocrx_word' id='word_1_99' title='bbox 923 1109 1128 1190; x_wconf 79' lang='grc' dir='ltr'>παρεπιδεικνλνς</span> <span class='ocrx_word' id='word_1_100' title='bbox 1142 1113 1189 1180; x_wconf 80' lang='grc' dir='ltr'>τήν</span> <span class='ocrx_word' id='word_1_101' title='bbox 1201 1112 1255 1167; x_wconf 89' lang='grc' dir='ltr'>τῶν</span> <span class='ocrx_word' id='word_1_102' title='bbox 1267 1111 1346 1167; x_wconf 74' lang='grc' dir='ltr'>ἐθνῶν</span> <span class='ocrx_word' id='word_1_103' title='bbox 1360 1105 1470 1167; x_wconf 77' lang='grc' dir='ltr'>ἀθεσίαν</span> <span class='ocrx_word' id='word_1_104' title='bbox 1484 1107 1531 1165; x_wconf 82' lang='grc' dir='ltr'><strong><em>καὶ</em></strong></span> 
     </span>
     <span class='ocr_line' id='line_1_11' title="bbox 198 1194 1531 1280; baseline -0.002 -24"><span class='ocrx_word' id='word_1_105' title='bbox 198 1206 285 1271; x_wconf 73' lang='grc' dir='ltr'>τίγριν·</span> <span class='ocrx_word' id='word_1_106' title='bbox 306 1214 330 1254; x_wconf 89' lang='lat' dir='ltr'><strong><em>et</em></strong></span> <span class='ocrx_word' id='word_1_107' title='bbox 350 1208 442 1255; x_wconf 75' lang='lat' dir='ltr'><strong><em>hastae</em></strong></span> <span class='ocrx_word' id='word_1_108' title='bbox 464 1207 622 1267; x_wconf 83' lang='lat' dir='ltr'><strong><em>munitione,</em></strong></span> <span class='ocrx_word' id='word_1_109' title='bbox 637 1208 681 1256; x_wconf 77' lang='lat' dir='ltr'><strong><em>teti</em></strong></span> <span class='ocrx_word' id='word_1_110' title='bbox 700 1220 808 1257; x_wconf 52' lang='lat' dir='ltr'><strong><em>termas</em></strong></span> <span class='ocrx_word' id='word_1_111' title='bbox 849 1200 896 1273; x_wconf 83' lang='grc' dir='ltr'>τήν</span> <span class='ocrx_word' id='word_1_112' title='bbox 925 1204 977 1260; x_wconf 88' lang='grc' dir='ltr'>τῶν</span> <span class='ocrx_word' id='word_1_113' title='bbox 1002 1200 1086 1280; x_wconf 78' lang='grc' dir='ltr'>ὅρκιον</span> <span class='ocrx_word' id='word_1_114' title='bbox 1118 1196 1283 1277; x_wconf 76' lang='grc' dir='ltr'>παράὸασιν.</span> <span class='ocrx_word' id='word_1_115' title='bbox 1315 1199 1363 1258; x_wconf 79' lang='grc' dir='ltr'><strong><em>Η.</em></strong></span> <span class='ocrx_word' id='word_1_116' title='bbox 1393 1194 1531 1256; x_wconf 80' lang='grc' dir='ltr'>Ἐκαστον</span> 
     </span>
     <span class='ocr_line' id='line_1_12' title="bbox 197 1285 1532 1360; baseline -0.001 -16"><span class='ocrx_word' id='word_1_117' title='bbox 197 1297 277 1345; x_wconf 83' lang='lat' dir='ltr'><strong><em>nibus</em></strong></span> <span class='ocrx_word' id='word_1_118' title='bbox 293 1297 412 1359; x_wconf 80' lang='lat' dir='ltr'><strong><em>optimis,</em></strong></span> <span class='ocrx_word' id='word_1_119' title='bbox 427 1302 451 1344; x_wconf 94' lang='lat' dir='ltr'><strong><em>et</em></strong></span> <span class='ocrx_word' id='word_1_120' title='bbox 466 1295 707 1353; x_wconf 76' lang='lat' dir='ltr'><strong><em>exhortationibus,</em></strong></span> <span class='ocrx_word' id='word_1_121' title='bbox 722 1310 803 1360; x_wconf 75' lang='lat' dir='ltr'><strong><em>expo·</em></strong></span> <span class='ocrx_word' id='word_1_122' title='bbox 849 1291 877 1350; x_wconf 82' lang='grc' dir='ltr'><strong><em>δὲ</em></strong></span> <span class='ocrx_word' id='word_1_123' title='bbox 902 1292 989 1348; x_wconf 78' lang='grc' dir='ltr'>αὐτῶν</span> <span class='ocrx_word' id='word_1_124' title='bbox 1013 1289 1177 1354; x_wconf 83' lang='grc' dir='ltr'>καθοπλίσας</span> <span class='ocrx_word' id='word_1_125' title='bbox 1206 1288 1236 1345; x_wconf 83' lang='grc' dir='ltr'>οὐ</span> <span class='ocrx_word' id='word_1_126' title='bbox 1264 1285 1313 1355; x_wconf 77' lang='grc' dir='ltr'>τὴν</span> <span class='ocrx_word' id='word_1_127' title='bbox 1341 1286 1461 1344; x_wconf 74' lang='grc' dir='ltr'>ἀσπίδιον</span> <span class='ocrx_word' id='word_1_128' title='bbox 1486 1286 1532 1343; x_wconf 82' lang='grc' dir='ltr'><strong><em>καί</em></strong></span> 
     </span>
     <span class='ocr_line' id='line_1_13' title="bbox 198 1373 1533 1458; baseline -0.001 -25"><span class='ocrx_word' id='word_1_129' title='bbox 198 1386 249 1433; x_wconf 81' lang='lat' dir='ltr'><strong><em>sito</em></strong></span> <span class='ocrx_word' id='word_1_130' title='bbox 264 1385 347 1446; x_wconf 72' lang='lat' dir='ltr'><strong><em>dipuo</em></strong></span> <span class='ocrx_word' id='word_1_131' title='bbox 360 1385 410 1449; x_wconf 67' lang='lat' dir='ltr'><strong><em>{itte</em></strong></span> <span class='ocrx_word' id='word_1_132' title='bbox 425 1385 527 1433; x_wconf 75' lang='lat' dir='ltr'><strong><em>somnio</em></strong></span> <span class='ocrx_word' id='word_1_133' title='bbox 541 1396 590 1447; x_wconf 89' lang='lat' dir='ltr'><strong><em>per</em></strong></span> <span class='ocrx_word' id='word_1_134' title='bbox 605 1385 674 1446; x_wconf 84' lang='lat' dir='ltr'><strong><em>quod</em></strong></span> <span class='ocrx_word' id='word_1_135' title='bbox 689 1385 801 1435; x_wconf 83' lang='lat' dir='ltr'><strong><em>univer·</em></strong></span> <span class='ocrx_word' id='word_1_136' title='bbox 850 1382 956 1458; x_wconf 69' lang='grc' dir='ltr'>λογχῶν</span> <span class='ocrx_word' id='word_1_137' title='bbox 981 1378 1138 1458; x_wconf 81' lang='grc' dir='ltr'>ἀσφάλειαν,</span> <span class='ocrx_word' id='word_1_138' title='bbox 1155 1379 1192 1442; x_wconf 90' lang='grc' dir='ltr'><strong><em>ῶς</em></strong></span> <span class='ocrx_word' id='word_1_139' title='bbox 1217 1373 1266 1446; x_wconf 78' lang='grc' dir='ltr'>τήν</span> <span class='ocrx_word' id='word_1_140' title='bbox 1291 1376 1319 1432; x_wconf 79' lang='grc' dir='ltr'><strong><em>ἐν</em></strong></span> <span class='ocrx_word' id='word_1_141' title='bbox 1348 1381 1402 1441; x_wconf 90' lang='grc' dir='ltr'>τοῖς</span> <span class='ocrx_word' id='word_1_142' title='bbox 1424 1376 1533 1450; x_wconf 77' lang='grc' dir='ltr'>ἀγαθοῖς</span> 
     </span>
     <span class='ocr_line' id='line_1_14' title="bbox 198 1461 1533 1546; baseline -0.001 -25"><span class='ocrx_word' id='word_1_143' title='bbox 198 1488 240 1521; x_wconf 78' lang='lat' dir='ltr'><strong><em>soe</em></strong></span> <span class='ocrx_word' id='word_1_144' title='bbox 256 1474 422 1535; x_wconf 72' lang='lat' dir='ltr'><strong><em>laetificavit.</em></strong></span> <span class='ocrx_word' id='word_1_145' title='bbox 850 1466 940 1546; x_wconf 82' lang='grc' dir='ltr'>λόγοις</span> <span class='ocrx_word' id='word_1_146' title='bbox 974 1466 1156 1543; x_wconf 73' lang='grc' dir='ltr'>παράκλησιν,</span> <span class='ocrx_word' id='word_1_147' title='bbox 1188 1466 1234 1522; x_wconf 80' lang='grc' dir='ltr'><strong><em>καί</em></strong></span> <span class='ocrx_word' id='word_1_148' title='bbox 1269 1461 1533 1543; x_wconf 75' lang='grc' dir='ltr'>προςεξηγησάμενος</span> 
     </span>
     <span class='ocr_line' id='line_1_15' title="bbox 850 1550 1508 1635; baseline -0.008 -20"><span class='ocrx_word' id='word_1_149' title='bbox 850 1555 950 1635; x_wconf 82' lang='grc' dir='ltr'>ὄνειρον</span> <span class='ocrx_word' id='word_1_150' title='bbox 963 1553 1115 1624; x_wconf 75' lang='grc' dir='ltr'>ἀξιόπιστον</span> <span class='ocrx_word' id='word_1_151' title='bbox 1130 1553 1202 1632; x_wconf 78' lang='grc' dir='ltr'>ὕπαρ</span> <span class='ocrx_word' id='word_1_152' title='bbox 1217 1575 1243 1610; x_wconf 88' lang='grc' dir='ltr'><strong><em>τι</em></strong></span> <span class='ocrx_word' id='word_1_153' title='bbox 1257 1552 1359 1618; x_wconf 80' lang='grc' dir='ltr'>πάντας</span> <span class='ocrx_word' id='word_1_154' title='bbox 1372 1550 1508 1631; x_wconf 79' lang='grc' dir='ltr'>εὔφρανεν.</span> 
     </span>
     <span class='ocr_line' id='line_1_16' title="bbox 238 1634 1531 1720; baseline -0.002 -21"><span class='ocrx_word' id='word_1_155' title='bbox 238 1652 277 1701; x_wconf 74' lang='lat' dir='ltr'><strong><em>tt.</em></strong></span> <span class='ocrx_word' id='word_1_156' title='bbox 295 1653 361 1699; x_wconf 84' lang='lat' dir='ltr'><strong><em>Erat</em></strong></span> <span class='ocrx_word' id='word_1_157' title='bbox 382 1659 470 1701; x_wconf 86' lang='lat' dir='ltr'><strong><em>autem</em></strong></span> <span class='ocrx_word' id='word_1_158' title='bbox 492 1652 673 1701; x_wconf 80' lang='lat' dir='ltr'><strong><em>huiuscemodi</em></strong></span> <span class='ocrx_word' id='word_1_159' title='bbox 695 1653 771 1702; x_wconf 74' lang='lat' dir='ltr'><strong><em>etrus</em></strong></span> <span class='ocrx_word' id='word_1_160' title='bbox 796 1666 803 1700; x_wconf 92' lang='lat'><em>:</em></span> <span class='ocrx_word' id='word_1_161' title='bbox 894 1646 943 1705; x_wconf 71' lang='lat'><strong><em>12.</em></strong></span> <span class='ocrx_word' id='word_1_162' title='bbox 959 1634 1015 1704; x_wconf 83' lang='grc' dir='ltr'><strong><em>Ἦν</em></strong></span> <span class='ocrx_word' id='word_1_163' title='bbox 1033 1643 1061 1702; x_wconf 83' lang='grc' dir='ltr'><strong><em>δλ</em></strong></span> <span class='ocrx_word' id='word_1_164' title='bbox 1074 1648 1090 1715; x_wconf 83' lang='grc' dir='ltr'>ἡ</span> <span class='ocrx_word' id='word_1_165' title='bbox 1103 1642 1197 1702; x_wconf 79' lang='grc' dir='ltr'>τούτου</span> <span class='ocrx_word' id='word_1_166' title='bbox 1214 1640 1311 1720; x_wconf 83' lang='grc' dir='ltr'>θεωρία</span> <span class='ocrx_word' id='word_1_167' title='bbox 1328 1640 1425 1700; x_wconf 78' lang='grc' dir='ltr'>τοιάδε·</span> <span class='ocrx_word' id='word_1_168' title='bbox 1439 1640 1531 1700; x_wconf 87' lang='grc' dir='ltr'>Ὀνίαν</span> 
     </span>
     <span class='ocr_line' id='line_1_17' title="bbox 200 1728 1533 1812; baseline -0.003 -23"><span class='ocrx_word' id='word_1_169' title='bbox 200 1740 295 1789; x_wconf 84' lang='lat' dir='ltr'><strong><em>Oniarn</em></strong></span> <span class='ocrx_word' id='word_1_170' title='bbox 324 1742 371 1801; x_wconf 79' lang='lat' dir='ltr'><strong><em>qui</em></strong></span> <span class='ocrx_word' id='word_1_171' title='bbox 404 1740 493 1803; x_wconf 78' lang='lat' dir='ltr'><strong><em>[uerat</em></strong></span> <span class='ocrx_word' id='word_1_172' title='bbox 520 1754 639 1791; x_wconf 75' lang='lat' dir='ltr'><strong><em>summus</em></strong></span> <span class='ocrx_word' id='word_1_173' title='bbox 666 1742 802 1801; x_wconf 75' lang='lat' dir='ltr'><strong><em>sacerdot,</em></strong></span> <span class='ocrx_word' id='word_1_174' title='bbox 852 1732 896 1793; x_wconf 84' lang='grc' dir='ltr'>τδν</span> <span class='ocrx_word' id='word_1_175' title='bbox 929 1732 1070 1810; x_wconf 82' lang='grc' dir='ltr'>γινόμενον</span> <span class='ocrx_word' id='word_1_176' title='bbox 1102 1729 1239 1812; x_wconf 76' lang='grc' dir='ltr'>άρχιιρία,</span> <span class='ocrx_word' id='word_1_177' title='bbox 1264 1730 1346 1808; x_wconf 84' lang='grc' dir='ltr'>ἄνδρα</span> <span class='ocrx_word' id='word_1_178' title='bbox 1376 1728 1459 1788; x_wconf 83' lang='grc' dir='ltr'>καλὸν</span> <span class='ocrx_word' id='word_1_179' title='bbox 1488 1730 1533 1786; x_wconf 88' lang='grc' dir='ltr'><strong><em>καλ</em></strong></span> 
     </span>
     <span class='ocr_line' id='line_1_18' title="bbox 200 1818 1532 1899; baseline -0.002 -22"><span class='ocrx_word' id='word_1_180' title='bbox 200 1832 288 1879; x_wconf 78' lang='lat' dir='ltr'><strong><em>cirum</em></strong></span> <span class='ocrx_word' id='word_1_181' title='bbox 307 1830 403 1877; x_wconf 84' lang='lat' dir='ltr'><strong><em>bonum</em></strong></span> <span class='ocrx_word' id='word_1_182' title='bbox 417 1836 441 1878; x_wconf 91' lang='lat' dir='ltr'><strong><em>et</em></strong></span> <span class='ocrx_word' id='word_1_183' title='bbox 457 1830 611 1891; x_wconf 69' lang='lat' dir='ltr'><strong><em>centenum,</em></strong></span> <span class='ocrx_word' id='word_1_184' title='bbox 626 1832 805 1880; x_wconf 83' lang='lat' dir='ltr'><strong><em>uerecundum</em></strong></span> <span class='ocrx_word' id='word_1_185' title='bbox 852 1821 965 1899; x_wconf 76' lang='grc' dir='ltr'>ἀγαθὸν,</span> <span class='ocrx_word' id='word_1_186' title='bbox 984 1820 1118 1898; x_wconf 79' lang='grc' dir='ltr'>αίδήμονα</span> <span class='ocrx_word' id='word_1_187' title='bbox 1137 1818 1186 1895; x_wconf 84' lang='grc' dir='ltr'><strong><em>μὲν</em></strong></span> <span class='ocrx_word' id='word_1_188' title='bbox 1205 1818 1252 1888; x_wconf 77' lang='grc' dir='ltr'>τὴν</span> <span class='ocrx_word' id='word_1_189' title='bbox 1273 1819 1433 1889; x_wconf 75' lang='grc' dir='ltr'>ἀπάντησιν,</span> <span class='ocrx_word' id='word_1_190' title='bbox 1448 1827 1532 1897; x_wconf 74' lang='grc' dir='ltr'>πρᾷον</span> 
     </span>
     <span class='ocr_line' id='line_1_19' title="bbox 201 1906 1532 1991; baseline -0.003 -25"><span class='ocrx_word' id='word_1_191' title='bbox 201 1919 268 1975; x_wconf 81' lang='lat' dir='ltr'><strong><em>visu,</em></strong></span> <span class='ocrx_word' id='word_1_192' title='bbox 283 1919 427 1966; x_wconf 70' lang='lat' dir='ltr'><strong><em>incantant</em></strong></span> <span class='ocrx_word' id='word_1_193' title='bbox 438 1918 565 1977; x_wconf 85' lang='lat' dir='ltr'><strong><em>moribus,</em></strong></span> <span class='ocrx_word' id='word_1_194' title='bbox 575 1926 599 1966; x_wconf 87' lang='lat' dir='ltr'><strong><em>et</em></strong></span> <span class='ocrx_word' id='word_1_195' title='bbox 612 1918 717 1982; x_wconf 76' lang='lat' dir='ltr'><strong><em>eloquio</em></strong></span> <span class='ocrx_word' id='word_1_196' title='bbox 730 1920 804 1968; x_wconf 86' lang='lat' dir='ltr'><strong><em>‹ieco-</em></strong></span> <span class='ocrx_word' id='word_1_197' title='bbox 852 1910 880 1975; x_wconf 84' lang='grc' dir='ltr'><strong><em>δὲ</em></strong></span> <span class='ocrx_word' id='word_1_198' title='bbox 895 1909 941 1969; x_wconf 82' lang='grc' dir='ltr'>τὸν</span> <span class='ocrx_word' id='word_1_199' title='bbox 955 1910 1052 1991; x_wconf 82' lang='grc' dir='ltr'>τρόπον</span> <span class='ocrx_word' id='word_1_200' title='bbox 1067 1909 1114 1967; x_wconf 83' lang='grc' dir='ltr'><strong><em>καί</em></strong></span> <span class='ocrx_word' id='word_1_201' title='bbox 1127 1906 1223 1966; x_wconf 78' lang='grc' dir='ltr'>λαλιδν</span> <span class='ocrx_word' id='word_1_202' title='bbox 1244 1907 1399 1985; x_wconf 77' lang='grc' dir='ltr'>προιέμενον</span> <span class='ocrx_word' id='word_1_203' title='bbox 1414 1907 1532 1983; x_wconf 79' lang='grc' dir='ltr'>πρεπόν-</span> 
     </span>
     <span class='ocr_line' id='line_1_20' title="bbox 135 1993 1531 2072; baseline -0.003 -18"><span class='ocrx_word' id='word_1_204' title='bbox 135 2028 137 2033; x_wconf 95' lang='grc'><strong><em>·</em></strong></span> <span class='ocrx_word' id='word_1_205' title='bbox 200 2020 269 2065; x_wconf 79' lang='lat' dir='ltr'><strong><em>rum,</em></strong></span> <span class='ocrx_word' id='word_1_206' title='bbox 284 2013 307 2053; x_wconf 89' lang='lat' dir='ltr'><strong><em>et</em></strong></span> <span class='ocrx_word' id='word_1_207' title='bbox 323 2007 370 2066; x_wconf 79' lang='lat' dir='ltr'><strong><em>qui</em></strong></span> <span class='ocrx_word' id='word_1_208' title='bbox 386 2020 402 2053; x_wconf 94' lang='lat' dir='ltr'><strong><em>a</em></strong></span> <span class='ocrx_word' id='word_1_209' title='bbox 416 2020 499 2070; x_wconf 87' lang='lat' dir='ltr'><strong><em>puero</em></strong></span> <span class='ocrx_word' id='word_1_210' title='bbox 519 2008 549 2055; x_wconf 92' lang='lat' dir='ltr'><strong><em>in</em></strong></span> <span class='ocrx_word' id='word_1_211' title='bbox 567 2008 714 2056; x_wconf 80' lang='lat' dir='ltr'><strong><em>uirtutibus</em></strong></span> <span class='ocrx_word' id='word_1_212' title='bbox 730 2022 803 2057; x_wconf 77' lang='lat' dir='ltr'><strong><em>exer·</em></strong></span> <span class='ocrx_word' id='word_1_213' title='bbox 852 2022 915 2071; x_wconf 86' lang='grc' dir='ltr'>τως,</span> <span class='ocrx_word' id='word_1_214' title='bbox 930 1999 976 2056; x_wconf 78' lang='grc' dir='ltr'><strong><em>καί</em></strong></span> <span class='ocrx_word' id='word_1_215' title='bbox 995 2000 1025 2056; x_wconf 74' lang='grc' dir='ltr'>δα</span> <span class='ocrx_word' id='word_1_216' title='bbox 1042 1997 1135 2063; x_wconf 87' lang='grc' dir='ltr'>παιδὸς</span> <span class='ocrx_word' id='word_1_217' title='bbox 1149 1994 1382 2072; x_wconf 77' lang='grc' dir='ltr'>ἐκμεμαλετηκάτα</span> <span class='ocrx_word' id='word_1_218' title='bbox 1396 1993 1484 2055; x_wconf 83' lang='grc' dir='ltr'>πάντα</span> <span class='ocrx_word' id='word_1_219' title='bbox 1497 1993 1531 2051; x_wconf 72' lang='lat' dir='ltr'><strong><em>nh</em></strong></span> 
     </span>
     <span class='ocr_line' id='line_1_21' title="bbox 200 2082 1531 2165; baseline -0.001 -24"><span class='ocrx_word' id='word_1_220' title='bbox 200 2096 297 2141; x_wconf 82' lang='lat' dir='ltr'><strong><em>citatus</em></strong></span> <span class='ocrx_word' id='word_1_221' title='bbox 318 2097 363 2153; x_wconf 83' lang='lat' dir='ltr'><strong><em>eit,</em></strong></span> <span class='ocrx_word' id='word_1_222' title='bbox 383 2108 477 2143; x_wconf 79' lang='grc' dir='ltr'>πιοιιιιι</span> <span class='ocrx_word' id='word_1_223' title='bbox 496 2096 706 2157; x_wconf 85' lang='lat' dir='ltr'><strong><em>protendentem,</em></strong></span> <span class='ocrx_word' id='word_1_224' title='bbox 726 2110 804 2145; x_wconf 89' lang='lat' dir='ltr'><strong><em>orare</em></strong></span> <span class='ocrx_word' id='word_1_225' title='bbox 852 2092 899 2159; x_wconf 79' lang='grc' dir='ltr'>τῆς</span> <span class='ocrx_word' id='word_1_226' title='bbox 919 2090 1015 2165; x_wconf 83' lang='grc' dir='ltr'>άρετῆς</span> <span class='ocrx_word' id='word_1_227' title='bbox 1033 2090 1130 2157; x_wconf 82' lang='grc' dir='ltr'>οἰκεῖα,</span> <span class='ocrx_word' id='word_1_228' title='bbox 1143 2089 1235 2143; x_wconf 77' lang='grc' dir='ltr'>τοῦτον</span> <span class='ocrx_word' id='word_1_229' title='bbox 1254 2085 1301 2150; x_wconf 77' lang='grc' dir='ltr'>τλς</span> <span class='ocrx_word' id='word_1_230' title='bbox 1313 2091 1405 2163; x_wconf 79' lang='grc' dir='ltr'>χεῖρας</span> <span class='ocrx_word' id='word_1_231' title='bbox 1424 2082 1531 2161; x_wconf 74' lang='grc' dir='ltr'>προτεί-</span> 
     </span>
     <span class='ocr_line' id='line_1_22' title="bbox 200 2169 1532 2253; baseline -0.003 -22"><span class='ocrx_word' id='word_1_232' title='bbox 200 2197 248 2246; x_wconf 84' lang='lat' dir='ltr'><strong><em>pro</em></strong></span> <span class='ocrx_word' id='word_1_233' title='bbox 275 2184 347 2230; x_wconf 76' lang='lat' dir='ltr'><strong><em>curui</em></strong></span> <span class='ocrx_word' id='word_1_234' title='bbox 366 2181 467 2246; x_wconf 77' lang='lat' dir='ltr'><strong><em>populo</em></strong></span> <span class='ocrx_word' id='word_1_235' title='bbox 489 2184 657 2233; x_wconf 81' lang='lat' dir='ltr'><strong><em>iudaeorum.</em></strong></span> <span class='ocrx_word' id='word_1_236' title='bbox 683 2184 723 2233; x_wconf 84' lang='grc'><strong><em>13.</em></strong></span> <span class='ocrx_word' id='word_1_237' title='bbox 742 2185 804 2234; x_wconf 83' lang='lat' dir='ltr'><strong><em>Part</em></strong></span> <span class='ocrx_word' id='word_1_238' title='bbox 852 2198 936 2233; x_wconf 83' lang='grc' dir='ltr'>νοντα</span> <span class='ocrx_word' id='word_1_239' title='bbox 961 2176 1138 2253; x_wconf 79' lang='grc' dir='ltr'>κατεύχεσθαι</span> <span class='ocrx_word' id='word_1_240' title='bbox 1161 2177 1198 2251; x_wconf 80' lang='grc' dir='ltr'>τῷ</span> <span class='ocrx_word' id='word_1_241' title='bbox 1220 2172 1300 2231; x_wconf 85' lang='grc' dir='ltr'>παντί</span> <span class='ocrx_word' id='word_1_242' title='bbox 1321 2176 1373 2230; x_wconf 86' lang='grc' dir='ltr'>τῶν</span> <span class='ocrx_word' id='word_1_243' title='bbox 1397 2169 1532 2232; x_wconf 83' lang='grc' dir='ltr'>Ἰουδαίων</span> 
     </span>
     <span class='ocr_line' id='line_1_23' title="bbox 201 2254 1529 2341; baseline -0.002 -22"><span class='ocrx_word' id='word_1_244' title='bbox 201 2272 246 2319; x_wconf 91' lang='lat' dir='ltr'><strong><em>hoc</em></strong></span> <span class='ocrx_word' id='word_1_245' title='bbox 269 2272 430 2335; x_wconf 74' lang='lat' dir='ltr'><strong><em>apparuisse</em></strong></span> <span class='ocrx_word' id='word_1_246' title='bbox 448 2278 472 2321; x_wconf 85' lang='lat' dir='ltr'><strong><em>et</em></strong></span> <span class='ocrx_word' id='word_1_247' title='bbox 493 2272 578 2321; x_wconf 85' lang='lat' dir='ltr'><strong><em>atium</em></strong></span> <span class='ocrx_word' id='word_1_248' title='bbox 601 2274 702 2335; x_wconf 80' lang='lat' dir='ltr'><strong><em>virum,</em></strong></span> <span class='ocrx_word' id='word_1_249' title='bbox 719 2279 806 2323; x_wconf 90' lang='lat' dir='ltr'><strong><em>aetate</em></strong></span> <span class='ocrx_word' id='word_1_250' title='bbox 853 2261 1016 2338; x_wconf 73' lang='grc' dir='ltr'>συστήματι.</span> <span class='ocrx_word' id='word_1_251' title='bbox 1034 2265 1081 2323; x_wconf 88' lang='grc'><strong><em>13.</em></strong></span> <span class='ocrx_word' id='word_1_252' title='bbox 1101 2254 1157 2321; x_wconf 74' lang='grc' dir='ltr'><strong><em>Εἶθ’</em></strong></span> <span class='ocrx_word' id='word_1_253' title='bbox 1170 2261 1252 2329; x_wconf 68' lang='grc' dir='ltr'>οὕτως</span> <span class='ocrx_word' id='word_1_254' title='bbox 1271 2264 1431 2341; x_wconf 75' lang='grc' dir='ltr'>ἐπιφανῆναι</span> <span class='ocrx_word' id='word_1_255' title='bbox 1446 2259 1529 2339; x_wconf 83' lang='grc' dir='ltr'>ἄνδρα</span> 
     </span>
     <span class='ocr_line' id='line_1_24' title="bbox 165 2341 1532 2433; baseline -0.001 -26"><span class='ocrx_word' id='word_1_256' title='bbox 165 2397 166 2400; x_wconf 66' lang='lat'>,</span> <span class='ocrx_word' id='word_1_257' title='bbox 200 2368 223 2408; x_wconf 83' lang='lat' dir='ltr'><strong><em>et</em></strong></span> <span class='ocrx_word' id='word_1_258' title='bbox 249 2341 338 2422; x_wconf 70' lang='lat' dir='ltr'><strong><em>picria</em></strong></span> <span class='ocrx_word' id='word_1_259' title='bbox 360 2360 513 2409; x_wconf 79' lang='lat' dir='ltr'><strong><em>mirabilem</em></strong></span> <span class='ocrx_word' id='word_1_260' title='bbox 536 2369 560 2410; x_wconf 84' lang='lat' dir='ltr'><strong><em>et</em></strong></span> <span class='ocrx_word' id='word_1_261' title='bbox 585 2363 677 2424; x_wconf 79' lang='lat' dir='ltr'><strong><em>mapni</em></strong></span> <span class='ocrx_word' id='word_1_262' title='bbox 701 2363 807 2412; x_wconf 79' lang='lat' dir='ltr'><strong><em>decoris</em></strong></span> <span class='ocrx_word' id='word_1_263' title='bbox 852 2353 934 2433; x_wconf 67' lang='grc' dir='ltr'>πολιᾷ</span> <span class='ocrx_word' id='word_1_264' title='bbox 946 2351 992 2410; x_wconf 85' lang='grc' dir='ltr'><strong><em>καλ</em></strong></span> <span class='ocrx_word' id='word_1_265' title='bbox 1006 2350 1067 2430; x_wconf 77' lang='grc' dir='ltr'>δόξῃ</span> <span class='ocrx_word' id='word_1_266' title='bbox 1080 2348 1417 2430; x_wconf 61' lang='grc' dir='ltr'>διαφέρονταςδαυμαστήν</span> <span class='ocrx_word' id='word_1_267' title='bbox 1430 2347 1460 2406; x_wconf 81' lang='grc' dir='ltr'><strong><em>δέ</em></strong></span> <span class='ocrx_word' id='word_1_268' title='bbox 1473 2371 1532 2405; x_wconf 88' lang='grc' dir='ltr'>τινα</span> 
     </span>
     <span class='ocr_line' id='line_1_25' title="bbox 139 2430 1530 2519; baseline -0.003 -22"><span class='ocrx_word' id='word_1_269' title='bbox 139 2474 140 2477; x_wconf 63' lang='lat'><em>=</em></span> <span class='ocrx_word' id='word_1_270' title='bbox 202 2449 361 2497; x_wconf 82' lang='lat' dir='ltr'><strong><em>habitudine</em></strong></span> <span class='ocrx_word' id='word_1_271' title='bbox 380 2450 452 2497; x_wconf 86' lang='lat' dir='ltr'><strong><em>eirca</em></strong></span> <span class='ocrx_word' id='word_1_272' title='bbox 472 2448 805 2514; x_wconf 77' lang='lat' dir='ltr'><strong><em>ittum.1i.flesponden·</em></strong></span> <span class='ocrx_word' id='word_1_273' title='bbox 853 2440 899 2499; x_wconf 85' lang='grc' dir='ltr'><strong><em>καλ</em></strong></span> <span class='ocrx_word' id='word_1_274' title='bbox 919 2441 1208 2519; x_wconf 74' lang='grc' dir='ltr'>μεγαλοπρεπεστάτην</span> <span class='ocrx_word' id='word_1_275' title='bbox 1228 2430 1360 2507; x_wconf 75' lang='grc' dir='ltr'>εἶναιτὴν</span> <span class='ocrx_word' id='word_1_276' title='bbox 1375 2436 1437 2517; x_wconf 87' lang='grc' dir='ltr'>περλ</span> <span class='ocrx_word' id='word_1_277' title='bbox 1452 2436 1530 2495; x_wconf 78' lang='grc' dir='ltr'>αὐτὸν</span> 
     </span>
     <span class='ocr_line' id='line_1_26' title="bbox 201 2524 1531 2610; baseline -0.001 -26"><span class='ocrx_word' id='word_1_278' title='bbox 201 2544 250 2585; x_wconf 83' lang='lat' dir='ltr'><strong><em>tem</em></strong></span> <span class='ocrx_word' id='word_1_279' title='bbox 273 2552 332 2586; x_wconf 81' lang='lat' dir='ltr'><strong><em>uero</em></strong></span> <span class='ocrx_word' id='word_1_280' title='bbox 360 2538 456 2587; x_wconf 86' lang='lat' dir='ltr'><strong><em>Oniom</em></strong></span> <span class='ocrx_word' id='word_1_281' title='bbox 479 2540 577 2588; x_wconf 72' lang='lat' dir='ltr'><strong><em>dixisse</em></strong></span> <span class='ocrx_word' id='word_1_282' title='bbox 596 2553 603 2587; x_wconf 92' lang='lat'><em>:</em></span> <span class='ocrx_word' id='word_1_283' title='bbox 623 2540 666 2588; x_wconf 84' lang='lat' dir='ltr'><strong><em>hie</em></strong></span> <span class='ocrx_word' id='word_1_284' title='bbox 692 2547 729 2589; x_wconf 79' lang='lat' dir='ltr'><strong><em>ert</em></strong></span> <span class='ocrx_word' id='word_1_285' title='bbox 750 2540 806 2605; x_wconf 73' lang='lat' dir='ltr'><strong><em>sra-</em></strong></span> <span class='ocrx_word' id='word_1_286' title='bbox 853 2529 998 2610; x_wconf 76' lang='grc' dir='ltr'>ὑπεροχήν.</span> <span class='ocrx_word' id='word_1_287' title='bbox 1023 2532 1070 2588; x_wconf 71' lang='grc' dir='ltr'><strong><em>λδ.</em></strong></span> <span class='ocrx_word' id='word_1_288' title='bbox 1097 2528 1283 2606; x_wconf 79' lang='grc' dir='ltr'>’λποκριθίντα</span> <span class='ocrx_word' id='word_1_289' title='bbox 1314 2527 1341 2585; x_wconf 79' lang='grc' dir='ltr'><strong><em>δλ</em></strong></span> <span class='ocrx_word' id='word_1_290' title='bbox 1371 2526 1416 2583; x_wconf 86' lang='grc' dir='ltr'>τὸν</span> <span class='ocrx_word' id='word_1_291' title='bbox 1447 2524 1531 2585; x_wconf 81' lang='grc' dir='ltr'>Ονίαν</span> 
     </span>
     <span class='ocr_line' id='line_1_27' title="bbox 202 2607 1534 2699; baseline -0.002 -25"><span class='ocrx_word' id='word_1_292' title='bbox 202 2632 273 2674; x_wconf 83' lang='lat' dir='ltr'><strong><em>trum</em></strong></span> <span class='ocrx_word' id='word_1_293' title='bbox 298 2633 402 2675; x_wconf 84' lang='lat' dir='ltr'><strong><em>ornator</em></strong></span> <span class='ocrx_word' id='word_1_294' title='bbox 423 2632 447 2675; x_wconf 88' lang='lat' dir='ltr'><strong><em>et</em></strong></span> <span class='ocrx_word' id='word_1_295' title='bbox 467 2626 563 2691; x_wconf 82' lang='lat' dir='ltr'><strong><em>populi</em></strong></span> <span class='ocrx_word' id='word_1_296' title='bbox 585 2628 747 2689; x_wconf 82' lang='lat' dir='ltr'><strong><em>ttraet;hie</em></strong></span> <span class='ocrx_word' id='word_1_297' title='bbox 770 2631 807 2678; x_wconf 80' lang='lat' dir='ltr'><strong><em>ert</em></strong></span> <span class='ocrx_word' id='word_1_298' title='bbox 855 2620 947 2677; x_wconf 77' lang='grc' dir='ltr'>εἰπεῖν·</span> <span class='ocrx_word' id='word_1_299' title='bbox 969 2623 983 2675; x_wconf 87' lang='grc' dir='ltr'>δ</span> <span class='ocrx_word' id='word_1_300' title='bbox 1008 2618 1167 2699; x_wconf 87' lang='grc' dir='ltr'>φιλάδελφος</span> <span class='ocrx_word' id='word_1_301' title='bbox 1199 2607 1272 2679; x_wconf 72' lang='grc' dir='ltr'>οὗτός</span> <span class='ocrx_word' id='word_1_302' title='bbox 1304 2620 1375 2674; x_wconf 73' lang='grc' dir='ltr'>ἐστιν</span> <span class='ocrx_word' id='word_1_303' title='bbox 1403 2617 1418 2673; x_wconf 87' lang='grc' dir='ltr'>δ</span> <span class='ocrx_word' id='word_1_304' title='bbox 1447 2614 1534 2672; x_wconf 85' lang='grc' dir='ltr'>πολλὰ</span> 
     </span>
     <span class='ocr_line' id='line_1_28' title="bbox 201 2702 1536 2787; baseline -0.001 -26"><span class='ocrx_word' id='word_1_305' title='bbox 201 2717 249 2775; x_wconf 78' lang='lat' dir='ltr'><strong><em>qui</em></strong></span> <span class='ocrx_word' id='word_1_306' title='bbox 265 2715 375 2763; x_wconf 76' lang='lat' dir='ltr'><strong><em>turritum</em></strong></span> <span class='ocrx_word' id='word_1_307' title='bbox 389 2722 449 2764; x_wconf 89' lang='lat' dir='ltr'><strong><em>orat</em></strong></span> <span class='ocrx_word' id='word_1_308' title='bbox 461 2729 512 2778; x_wconf 92' lang='lat' dir='ltr'><strong><em>pro</em></strong></span> <span class='ocrx_word' id='word_1_309' title='bbox 524 2715 624 2780; x_wconf 81' lang='lat' dir='ltr'><strong><em>populo</em></strong></span> <span class='ocrx_word' id='word_1_310' title='bbox 639 2724 662 2765; x_wconf 89' lang='lat' dir='ltr'><strong><em>et</em></strong></span> <span class='ocrx_word' id='word_1_311' title='bbox 678 2718 807 2767; x_wconf 78' lang='lat' dir='ltr'><strong><em>universa</em></strong></span> <span class='ocrx_word' id='word_1_312' title='bbox 854 2708 1066 2786; x_wconf 73' lang='grc' dir='ltr'>προςευχάμενος</span> <span class='ocrx_word' id='word_1_313' title='bbox 1089 2708 1150 2787; x_wconf 83' lang='grc' dir='ltr'>περὶ</span> <span class='ocrx_word' id='word_1_314' title='bbox 1171 2712 1216 2764; x_wconf 81' lang='grc' dir='ltr'><strong><em>τοῦ</em></strong></span> <span class='ocrx_word' id='word_1_315' title='bbox 1236 2708 1303 2763; x_wconf 77' lang='grc' dir='ltr'>λαοῦ</span> <span class='ocrx_word' id='word_1_316' title='bbox 1324 2704 1370 2763; x_wconf 76' lang='grc' dir='ltr'><strong><em>καί</em></strong></span> <span class='ocrx_word' id='word_1_317' title='bbox 1390 2706 1437 2774; x_wconf 81' lang='grc' dir='ltr'>τῆς</span> <span class='ocrx_word' id='word_1_318' title='bbox 1457 2702 1536 2777; x_wconf 77' lang='grc' dir='ltr'>ἁγίας</span> 
     </span>
     <span class='ocr_line' id='line_1_29' title="bbox 201 2791 1531 2876; baseline 0 -27"><span class='ocrx_word' id='word_1_319' title='bbox 201 2811 295 2851; x_wconf 85' lang='lat' dir='ltr'><strong><em>sanctu</em></strong></span> <span class='ocrx_word' id='word_1_320' title='bbox 315 2805 432 2863; x_wconf 85' lang='lat' dir='ltr'><strong><em>civitate,</em></strong></span> <span class='ocrx_word' id='word_1_321' title='bbox 448 2803 575 2853; x_wconf 79' lang='lat' dir='ltr'><strong><em>Ieremias</em></strong></span> <span class='ocrx_word' id='word_1_322' title='bbox 594 2806 726 2870; x_wconf 85' lang='lat' dir='ltr'><strong><em>propheta</em></strong></span> <span class='ocrx_word' id='word_1_323' title='bbox 746 2808 805 2856; x_wconf 83' lang='lat' dir='ltr'><strong><em>Dei.</em></strong></span> <span class='ocrx_word' id='word_1_324' title='bbox 854 2796 966 2867; x_wconf 83' lang='grc' dir='ltr'>πολειος,</span> <span class='ocrx_word' id='word_1_325' title='bbox 988 2794 1120 2876; x_wconf 80' lang='grc' dir='ltr'>Ἱερεμίας</span> <span class='ocrx_word' id='word_1_326' title='bbox 1149 2796 1164 2851; x_wconf 84' lang='lat' dir='ltr'><strong><em>i</em></strong></span> <span class='ocrx_word' id='word_1_327' title='bbox 1194 2801 1240 2852; x_wconf 77' lang='grc' dir='ltr'><strong><em>τοῦ</em></strong></span> <span class='ocrx_word' id='word_1_328' title='bbox 1278 2794 1349 2852; x_wconf 77' lang='grc' dir='ltr'>Θεοῦ</span> <span class='ocrx_word' id='word_1_329' title='bbox 1384 2791 1531 2872; x_wconf 84' lang='grc' dir='ltr'>προφήτης.</span> 
     </span>
     <span class='ocr_line' id='line_1_30' title="bbox 204 2878 1533 2963; baseline -0.003 -23"><span class='ocrx_word' id='word_1_330' title='bbox 204 2892 245 2940; x_wconf 89' lang='lat'><strong><em>15.</em></strong></span> <span class='ocrx_word' id='word_1_331' title='bbox 261 2892 417 2941; x_wconf 71' lang='lat' dir='ltr'><strong><em>Extendisse</em></strong></span> <span class='ocrx_word' id='word_1_332' title='bbox 432 2900 520 2941; x_wconf 82' lang='lat' dir='ltr'><strong><em>autern</em></strong></span> <span class='ocrx_word' id='word_1_333' title='bbox 535 2894 674 2944; x_wconf 71' lang='lat' dir='ltr'><strong><em>terentium</em></strong></span> <span class='ocrx_word' id='word_1_334' title='bbox 686 2896 806 2945; x_wconf 74' lang='lat' dir='ltr'><strong><em>dextram</em></strong></span> <span class='ocrx_word' id='word_1_335' title='bbox 856 2886 905 2944; x_wconf 76' lang='lat'><strong><em>15.</em></strong></span> <span class='ocrx_word' id='word_1_336' title='bbox 924 2884 1104 2963; x_wconf 87' lang='grc' dir='ltr'>Προτείναντα</span> <span class='ocrx_word' id='word_1_337' title='bbox 1122 2882 1149 2941; x_wconf 79' lang='grc' dir='ltr'>δί</span> <span class='ocrx_word' id='word_1_338' title='bbox 1167 2880 1214 2941; x_wconf 80' lang='grc' dir='ltr'>τὸν</span> <span class='ocrx_word' id='word_1_339' title='bbox 1229 2879 1362 2959; x_wconf 83' lang='grc' dir='ltr'>Ἱερεμίαν</span> <span class='ocrx_word' id='word_1_340' title='bbox 1381 2879 1430 2950; x_wconf 75' lang='grc' dir='ltr'>τὴν</span> <span class='ocrx_word' id='word_1_341' title='bbox 1448 2878 1533 2947; x_wconf 80' lang='grc' dir='ltr'>διξιδιν</span> 
     </span>
     <span class='ocr_line' id='line_1_31' title="bbox 202 2968 1530 3051; baseline -0.002 -24"><span class='ocrx_word' id='word_1_342' title='bbox 202 2980 805 3042; x_wconf 73' lang='grc' dir='ltr'>αιθιιλὶινοΙιιιὶασρίσαίιιιιιοιινααιιιάἰααιι-</span> <span class='ocrx_word' id='word_1_343' title='bbox 856 2974 1022 3049; x_wconf 84' lang='grc' dir='ltr'>παραδοῦναι</span> <span class='ocrx_word' id='word_1_344' title='bbox 1061 2974 1099 3051; x_wconf 82' lang='grc' dir='ltr'>τῷ</span> <span class='ocrx_word' id='word_1_345' title='bbox 1132 2970 1217 3049; x_wconf 81' lang='grc' dir='ltr'>Ἰοιίδφ</span> <span class='ocrx_word' id='word_1_346' title='bbox 1253 2968 1385 3051; x_wconf 73' lang='grc' dir='ltr'>ῥομφαίαν</span> <span class='ocrx_word' id='word_1_347' title='bbox 1416 2972 1530 3047; x_wconf 71' lang='grc' dir='ltr'>χρυσῆν,</span> 
     </span>
     <span class='ocr_line' id='line_1_32' title="bbox 203 3060 1293 3141; baseline 0.004 -28"><span class='ocrx_word' id='word_1_348' title='bbox 203 3076 252 3114; x_wconf 85' lang='lat' dir='ltr'><strong><em>tem</em></strong></span> <span class='ocrx_word' id='word_1_349' title='bbox 283 3082 290 3113; x_wconf 95' lang='lat'><em>:</em></span> <span class='ocrx_word' id='word_1_350' title='bbox 324 3067 364 3114; x_wconf 82' lang='lat' dir='ltr'><strong><em>tu.</em></strong></span> <span class='ocrx_word' id='word_1_351' title='bbox 389 3068 482 3131; x_wconf 80' lang='lat' dir='ltr'><strong><em>Accipe</em></strong></span> <span class='ocrx_word' id='word_1_352' title='bbox 517 3075 638 3117; x_wconf 79' lang='lat' dir='ltr'><strong><em>tanetum</em></strong></span> <span class='ocrx_word' id='word_1_353' title='bbox 669 3068 802 3133; x_wconf 73' lang='lat' dir='ltr'><strong><em>pladiani,</em></strong></span> <span class='ocrx_word' id='word_1_354' title='bbox 856 3060 961 3119; x_wconf 87' lang='grc' dir='ltr'>διδόντα</span> <span class='ocrx_word' id='word_1_355' title='bbox 977 3060 1005 3119; x_wconf 79' lang='grc' dir='ltr'><strong><em>δδ</em></strong></span> <span class='ocrx_word' id='word_1_356' title='bbox 1019 3064 1206 3141; x_wconf 79' lang='grc' dir='ltr'>προςφοινῆσσι</span> <span class='ocrx_word' id='word_1_357' title='bbox 1221 3060 1293 3117; x_wconf 88' lang='grc' dir='ltr'>τάδε·</span> 
     </span>
     <span class='ocr_line' id='line_1_33' title="bbox 202 3146 1533 3227; baseline 0.001 -25"><span class='ocrx_word' id='word_1_358' title='bbox 202 3169 297 3203; x_wconf 74' lang='lat' dir='ltr'><strong><em>ritanus</em></strong></span> <span class='ocrx_word' id='word_1_359' title='bbox 317 3170 333 3203; x_wconf 91' lang='lat' dir='ltr'><strong><em>a</em></strong></span> <span class='ocrx_word' id='word_1_360' title='bbox 353 3155 412 3215; x_wconf 83' lang='lat' dir='ltr'><strong><em>Deo,</em></strong></span> <span class='ocrx_word' id='word_1_361' title='bbox 427 3156 457 3205; x_wconf 91' lang='lat' dir='ltr'><strong><em>in</em></strong></span> <span class='ocrx_word' id='word_1_362' title='bbox 477 3170 528 3225; x_wconf 79' lang='lat' dir='ltr'><strong><em>quo</em></strong></span> <span class='ocrx_word' id='word_1_363' title='bbox 548 3158 655 3207; x_wconf 81' lang='lat' dir='ltr'><strong><em>deiicies</em></strong></span> <span class='ocrx_word' id='word_1_364' title='bbox 675 3160 804 3209; x_wconf 79' lang='lat' dir='ltr'><strong><em>aduersa·</em></strong></span> <span class='ocrx_word' id='word_1_365' title='bbox 898 3150 947 3210; x_wconf 83' lang='grc'><strong><em>16.</em></strong></span> <span class='ocrx_word' id='word_1_366' title='bbox 965 3148 1040 3208; x_wconf 74' lang='grc' dir='ltr'>Λαίδι</span> <span class='ocrx_word' id='word_1_367' title='bbox 1054 3147 1103 3219; x_wconf 75' lang='grc' dir='ltr'>τήν</span> <span class='ocrx_word' id='word_1_368' title='bbox 1118 3149 1197 3227; x_wconf 80' lang='grc' dir='ltr'>ἁγίαν</span> <span class='ocrx_word' id='word_1_369' title='bbox 1211 3146 1353 3227; x_wconf 69' lang='lat' dir='ltr'><strong><em>pappelai,</em></strong></span> <span class='ocrx_word' id='word_1_370' title='bbox 1362 3146 1447 3225; x_wconf 88' lang='grc' dir='ltr'>δῶρον</span> <span class='ocrx_word' id='word_1_371' title='bbox 1459 3148 1533 3224; x_wconf 80' lang='grc' dir='ltr'>παρὰ</span> 
     </span>
     <span class='ocr_line' id='line_1_34' title="bbox 202 3229 1503 3315; baseline 0 -24"><span class='ocrx_word' id='word_1_372' title='bbox 202 3245 257 3291; x_wconf 81' lang='lat' dir='ltr'><strong><em>rios</em></strong></span> <span class='ocrx_word' id='word_1_373' title='bbox 272 3244 367 3307; x_wconf 84' lang='lat' dir='ltr'><strong><em>populi</em></strong></span> <span class='ocrx_word' id='word_1_374' title='bbox 382 3246 433 3295; x_wconf 85' lang='lat' dir='ltr'><strong><em>mei</em></strong></span> <span class='ocrx_word' id='word_1_375' title='bbox 448 3245 545 3295; x_wconf 76' lang='lat' dir='ltr'><strong><em>trraet.</em></strong></span> <span class='ocrx_word' id='word_1_376' title='bbox 854 3242 900 3296; x_wconf 77' lang='grc' dir='ltr'><strong><em>τοῦ</em></strong></span> <span class='ocrx_word' id='word_1_377' title='bbox 915 3239 999 3308; x_wconf 84' lang='grc' dir='ltr'>Θεοῦ,</span> <span class='ocrx_word' id='word_1_378' title='bbox 1015 3239 1049 3294; x_wconf 93' lang='grc' dir='ltr'>δι’</span> <span class='ocrx_word' id='word_1_379' title='bbox 1063 3229 1094 3308; x_wconf 84' lang='grc' dir='ltr'><strong><em>ής</em></strong></span> <span class='ocrx_word' id='word_1_380' title='bbox 1109 3237 1231 3315; x_wconf 83' lang='grc' dir='ltr'>θραύσεις</span> <span class='ocrx_word' id='word_1_381' title='bbox 1249 3234 1308 3302; x_wconf 71' lang='grc' dir='ltr'>τοὺς</span> <span class='ocrx_word' id='word_1_382' title='bbox 1322 3234 1503 3300; x_wconf 75' lang='grc' dir='ltr'>ὑπεναντίους.</span> 
     </span>
    </p>
   </div>
   <div class='ocr_carea' id='block_1_3' title="bbox 202 3364 1604 4736">
    <p class='ocr_par' dir='ltr' id='par_1_3' title="bbox 202 3364 1604 4736">
     <span class='ocr_line' id='line_1_35' title="bbox 245 3364 1532 3453; baseline 0.003 -25"><span class='ocrx_word' id='word_1_383' title='bbox 245 3364 391 3431; x_wconf 80' lang='lat' dir='ltr'><strong><em>Nicanor</em></strong></span> <span class='ocrx_word' id='word_1_384' title='bbox 410 3366 554 3433; x_wconf 90' lang='lat' dir='ltr'><strong><em>audieus</em></strong></span> <span class='ocrx_word' id='word_1_385' title='bbox 573 3366 713 3434; x_wconf 90' lang='lat' dir='ltr'><strong><em>ludaeos</em></strong></span> <span class='ocrx_word' id='word_1_386' title='bbox 733 3390 804 3435; x_wconf 88' lang='lat' dir='ltr'><strong><em>esse</em></strong></span> <span class='ocrx_word' id='word_1_387' title='bbox 825 3371 860 3435; x_wconf 92' lang='lat' dir='ltr'><strong><em>in</em></strong></span> <span class='ocrx_word' id='word_1_388' title='bbox 879 3369 965 3437; x_wconf 88' lang='lat' dir='ltr'><strong><em>locis</em></strong></span> <span class='ocrx_word' id='word_1_389' title='bbox 984 3369 1158 3437; x_wconf 81' lang='lat' dir='ltr'><strong><em>Samariae</em></strong></span> <span class='ocrx_word' id='word_1_390' title='bbox 1182 3369 1237 3453; x_wconf 86' lang='lat' dir='ltr'><strong><em>(cf.</em></strong></span> <span class='ocrx_word' id='word_1_391' title='bbox 1264 3368 1403 3434; x_wconf 75' lang='lat' dir='ltr'><strong><em>triech.</em></strong></span> <span class='ocrx_word' id='word_1_392' title='bbox 1426 3366 1532 3453; x_wconf 82' lang='grc' dir='ltr'>7,3θ),</span> 
     </span>
     <span class='ocr_line' id='line_1_36' title="bbox 202 3472 1536 3563; baseline 0.001 -26"><span class='ocrx_word' id='word_1_393' title='bbox 202 3472 319 3537; x_wconf 80' lang='lat' dir='ltr'><strong><em>statuit</em></strong></span> <span class='ocrx_word' id='word_1_394' title='bbox 338 3492 395 3539; x_wconf 81' lang='lat' dir='ltr'><strong><em>eos</em></strong></span> <span class='ocrx_word' id='word_1_395' title='bbox 409 3472 555 3561; x_wconf 81' lang='lat' dir='ltr'><strong><em>aggredi</em></strong></span> <span class='ocrx_word' id='word_1_396' title='bbox 578 3472 633 3541; x_wconf 88' lang='lat' dir='ltr'><strong><em>die</em></strong></span> <span class='ocrx_word' id='word_1_397' title='bbox 652 3475 791 3541; x_wconf 86' lang='lat' dir='ltr'><strong><em>sabbati</em></strong></span> <span class='ocrx_word' id='word_1_398' title='bbox 812 3479 885 3559; x_wconf 77' lang='grc' dir='ltr'>μετὰ</span> <span class='ocrx_word' id='word_1_399' title='bbox 900 3482 997 3561; x_wconf 78' lang='grc' dir='ltr'>πάσης</span> <span class='ocrx_word' id='word_1_400' title='bbox 1012 3480 1174 3563; x_wconf 77' lang='grc' dir='ltr'>ἀσφαλείας</span> <span class='ocrx_word' id='word_1_401' title='bbox 1198 3474 1388 3542; x_wconf 89' lang='lat' dir='ltr'><strong><em>cumomni</em></strong></span> <span class='ocrx_word' id='word_1_402' title='bbox 1407 3473 1536 3540; x_wconf 87' lang='lat' dir='ltr'><strong><em>securi-</em></strong></span> 
     </span>
     <span class='ocr_line' id='line_1_37' title="bbox 203 3577 1604 3671; baseline 0.001 -28"><span class='ocrx_word' id='word_1_403' title='bbox 203 3583 287 3657; x_wconf 83' lang='lat' dir='ltr'><strong><em>tate;</em></strong></span> <span class='ocrx_word' id='word_1_404' title='bbox 307 3577 380 3645; x_wconf 89' lang='lat' dir='ltr'><strong><em>scil.</em></strong></span> <span class='ocrx_word' id='word_1_405' title='bbox 399 3580 560 3668; x_wconf 83' lang='lat' dir='ltr'><strong><em>sperabat</em></strong></span> <span class='ocrx_word' id='word_1_406' title='bbox 574 3603 613 3647; x_wconf 91' lang='lat' dir='ltr'><strong><em>eo</em></strong></span> <span class='ocrx_word' id='word_1_407' title='bbox 629 3580 684 3648; x_wconf 89' lang='lat' dir='ltr'><strong><em>die</em></strong></span> <span class='ocrx_word' id='word_1_408' title='bbox 705 3582 850 3649; x_wconf 88' lang='lat' dir='ltr'><strong><em>ludaeos</em></strong></span> <span class='ocrx_word' id='word_1_409' title='bbox 865 3604 934 3648; x_wconf 90' lang='lat' dir='ltr'><strong><em>non</em></strong></span> <span class='ocrx_word' id='word_1_410' title='bbox 953 3588 1179 3671; x_wconf 83' lang='lat' dir='ltr'><strong><em>esseparatos</em></strong></span> <span class='ocrx_word' id='word_1_411' title='bbox 1192 3579 1238 3648; x_wconf 88' lang='lat' dir='ltr'><strong><em>ad</em></strong></span> <span class='ocrx_word' id='word_1_412' title='bbox 1254 3602 1407 3671; x_wconf 83' lang='lat' dir='ltr'><strong><em>pugnam</em></strong></span> <span class='ocrx_word' id='word_1_413' title='bbox 1422 3600 1535 3667; x_wconf 88' lang='lat' dir='ltr'><strong><em>neque</em></strong></span> <span class='ocrx_word' id='word_1_414' title='bbox 1599 3584 1604 3591; x_wconf 82' lang='lat'>&#39;</span> 
     </span>
     <span class='ocr_line' id='line_1_38' title="bbox 202 3683 1536 3771; baseline 0.001 -22"><span class='ocrx_word' id='word_1_415' title='bbox 202 3683 431 3771; x_wconf 87' lang='lat' dir='ltr'><strong><em>suspicaturos</em></strong></span> <span class='ocrx_word' id='word_1_416' title='bbox 460 3686 709 3770; x_wconf 89' lang='lat' dir='ltr'><strong><em>incursionem;</em></strong></span> <span class='ocrx_word' id='word_1_417' title='bbox 745 3690 885 3755; x_wconf 84' lang='lat' dir='ltr'><strong><em>ludaeos</em></strong></span> <span class='ocrx_word' id='word_1_418' title='bbox 915 3695 1032 3757; x_wconf 89' lang='lat' dir='ltr'><strong><em>autem</em></strong></span> <span class='ocrx_word' id='word_1_419' title='bbox 1067 3710 1138 3755; x_wconf 87' lang='lat' dir='ltr'><strong><em>sese</em></strong></span> <span class='ocrx_word' id='word_1_420' title='bbox 1175 3687 1373 3753; x_wconf 81' lang='lat' dir='ltr'><strong><em>defensuros</em></strong></span> <span class='ocrx_word' id='word_1_421' title='bbox 1398 3708 1483 3763; x_wconf 81' lang='lat' dir='ltr'><strong><em>esse,</em></strong></span> <span class='ocrx_word' id='word_1_422' title='bbox 1507 3685 1536 3750; x_wconf 91' lang='lat' dir='ltr'><strong><em>si</em></strong></span> 
     </span>
     <span class='ocr_line' id='line_1_39' title="bbox 202 3790 1536 3886; baseline 0.002 -32"><span class='ocrx_word' id='word_1_423' title='bbox 202 3790 463 3878; x_wconf 85' lang='lat' dir='ltr'><strong><em>impeterentur,</em></strong></span> <span class='ocrx_word' id='word_1_424' title='bbox 479 3794 641 3879; x_wconf 81' lang='lat' dir='ltr'><strong><em>ignorare</em></strong></span> <span class='ocrx_word' id='word_1_425' title='bbox 658 3816 726 3861; x_wconf 91' lang='lat' dir='ltr'><strong><em>non</em></strong></span> <span class='ocrx_word' id='word_1_426' title='bbox 742 3800 888 3886; x_wconf 86' lang='lat' dir='ltr'><strong><em>poterat,</em></strong></span> <span class='ocrx_word' id='word_1_427' title='bbox 904 3817 983 3863; x_wconf 92' lang='lat' dir='ltr'><strong><em>cum</em></strong></span> <span class='ocrx_word' id='word_1_428' title='bbox 998 3800 1089 3862; x_wconf 88' lang='lat' dir='ltr'><strong><em>certe</em></strong></span> <span class='ocrx_word' id='word_1_429' title='bbox 1105 3796 1146 3860; x_wconf 90' lang='lat' dir='ltr'><strong><em>de</em></strong></span> <span class='ocrx_word' id='word_1_430' title='bbox 1160 3816 1201 3861; x_wconf 86' lang='lat' dir='ltr'><strong><em>ea</em></strong></span> <span class='ocrx_word' id='word_1_431' title='bbox 1215 3816 1252 3860; x_wconf 91' lang='lat' dir='ltr'><strong><em>re</em></strong></span> <span class='ocrx_word' id='word_1_432' title='bbox 1267 3817 1287 3860; x_wconf 90' lang='lat' dir='ltr'><strong><em>a</em></strong></span> <span class='ocrx_word' id='word_1_433' title='bbox 1302 3793 1437 3860; x_wconf 84' lang='lat' dir='ltr'><strong><em>iudaeis</em></strong></span> <span class='ocrx_word' id='word_1_434' title='bbox 1450 3797 1536 3858; x_wconf 85' lang='lat' dir='ltr'><strong><em>esset</em></strong></span> 
     </span>
     <span class='ocr_line' id='line_1_40' title="bbox 203 3896 1536 3991; baseline 0.002 -31"><span class='ocrx_word' id='word_1_435' title='bbox 203 3896 343 3963; x_wconf 86' lang='lat' dir='ltr'><strong><em>edoctus</em></strong></span> <span class='ocrx_word' id='word_1_436' title='bbox 364 3898 421 3988; x_wconf 87' lang='lat' dir='ltr'><strong><em>(cf.</em></strong></span> <span class='ocrx_word' id='word_1_437' title='bbox 445 3906 461 3964; x_wconf 92' lang='lat'>1</span> <span class='ocrx_word' id='word_1_438' title='bbox 486 3899 591 3968; x_wconf 84' lang='lat' dir='ltr'><strong><em>Mach.</em></strong></span> <span class='ocrx_word' id='word_1_439' title='bbox 614 3902 721 3989; x_wconf 70' lang='lat' dir='ltr'><strong><em>eut).</em></strong></span> <span class='ocrx_word' id='word_1_440' title='bbox 740 3906 898 3970; x_wconf 87' lang='lat' dir='ltr'><strong><em>Incautos</em></strong></span> <span class='ocrx_word' id='word_1_441' title='bbox 916 3904 1035 3991; x_wconf 86' lang='lat' dir='ltr'><strong><em>itaque</em></strong></span> <span class='ocrx_word' id='word_1_442' title='bbox 1055 3900 1251 3991; x_wconf 88' lang='lat' dir='ltr'><strong><em>opprimere</em></strong></span> <span class='ocrx_word' id='word_1_443' title='bbox 1272 3898 1393 3967; x_wconf 89' lang='lat' dir='ltr'><strong><em>voluit.</em></strong></span> <span class='ocrx_word' id='word_1_444' title='bbox 1419 3897 1536 3965; x_wconf 85' lang='lat' dir='ltr'><strong><em>iudaei</em></strong></span> 
     </span>
     <span class='ocr_line' id='line_1_41' title="bbox 202 4004 1536 4091; baseline 0.001 -24"><span class='ocrx_word' id='word_1_445' title='bbox 202 4008 318 4067; x_wconf 84' lang='lat' dir='ltr'><strong><em>autern</em></strong></span> <span class='ocrx_word' id='word_1_446' title='bbox 339 4004 397 4091; x_wconf 93' lang='lat' dir='ltr'><strong><em>qui</em></strong></span> <span class='ocrx_word' id='word_1_447' title='bbox 412 4006 520 4072; x_wconf 89' lang='lat' dir='ltr'><strong><em>coacti</em></strong></span> <span class='ocrx_word' id='word_1_448' title='bbox 536 4007 658 4074; x_wconf 91' lang='lat' dir='ltr'><strong><em>ineius</em></strong></span> <span class='ocrx_word' id='word_1_449' title='bbox 673 4008 825 4075; x_wconf 82' lang='lat' dir='ltr'><strong><em>exercitu</em></strong></span> <span class='ocrx_word' id='word_1_450' title='bbox 841 4014 1031 4075; x_wconf 85' lang='lat' dir='ltr'><strong><em>eranteum</em></strong></span> <span class='ocrx_word' id='word_1_451' title='bbox 1048 4006 1093 4074; x_wconf 88' lang='lat' dir='ltr'><strong><em>ab</em></strong></span> <span class='ocrx_word' id='word_1_452' title='bbox 1112 4008 1178 4073; x_wconf 92' lang='lat' dir='ltr'><strong><em>hoc</em></strong></span> <span class='ocrx_word' id='word_1_453' title='bbox 1197 4006 1340 4072; x_wconf 83' lang='lat' dir='ltr'><strong><em>consilio</em></strong></span> <span class='ocrx_word' id='word_1_454' title='bbox 1360 4004 1536 4070; x_wconf 89' lang='lat' dir='ltr'><strong><em>dimovere</em></strong></span> 
     </span>
     <span class='ocr_line' id='line_1_42' title="bbox 202 4108 1536 4203; baseline 0.002 -30"><span class='ocrx_word' id='word_1_455' title='bbox 202 4108 403 4190; x_wconf 85' lang='lat' dir='ltr'><strong><em>studebant;</em></strong></span> <span class='ocrx_word' id='word_1_456' title='bbox 423 4111 472 4177; x_wconf 91' lang='lat' dir='ltr'><strong><em>ita</em></strong></span> <span class='ocrx_word' id='word_1_457' title='bbox 490 4112 622 4179; x_wconf 91' lang='lat' dir='ltr'><strong><em>irruere</em></strong></span> <span class='ocrx_word' id='word_1_458' title='bbox 642 4114 678 4179; x_wconf 92' lang='lat' dir='ltr'><strong><em>in</em></strong></span> <span class='ocrx_word' id='word_1_459' title='bbox 700 4113 842 4181; x_wconf 89' lang='lat' dir='ltr'><strong><em>ludaeos</em></strong></span> <span class='ocrx_word' id='word_1_460' title='bbox 869 4114 926 4181; x_wconf 90' lang='lat' dir='ltr'><strong><em>die</em></strong></span> <span class='ocrx_word' id='word_1_461' title='bbox 952 4113 1085 4203; x_wconf 88' lang='lat' dir='ltr'><strong><em>requiei</em></strong></span> <span class='ocrx_word' id='word_1_462' title='bbox 1106 4134 1178 4180; x_wconf 89' lang='lat' dir='ltr'><strong><em>esse</em></strong></span> <span class='ocrx_word' id='word_1_463' title='bbox 1197 4111 1337 4179; x_wconf 89' lang='lat' dir='ltr'><strong><em>crudele</em></strong></span> <span class='ocrx_word' id='word_1_464' title='bbox 1359 4118 1393 4177; x_wconf 87' lang='lat' dir='ltr'><strong><em>et</em></strong></span> <span class='ocrx_word' id='word_1_465' title='bbox 1411 4110 1536 4177; x_wconf 90' lang='lat' dir='ltr'><strong><em>barba-</em></strong></span> 
     </span>
     <span class='ocr_line' id='line_1_43' title="bbox 203 4216 1535 4310; baseline 0.001 -29"><span class='ocrx_word' id='word_1_466' title='bbox 203 4236 295 4295; x_wconf 81' lang='lat' dir='ltr'><strong><em>rum3</em></strong></span> <span class='ocrx_word' id='word_1_467' title='bbox 317 4216 483 4283; x_wconf 88' lang='lat' dir='ltr'><strong><em>honorem</em></strong></span> <span class='ocrx_word' id='word_1_468' title='bbox 503 4217 617 4285; x_wconf 85' lang='lat' dir='ltr'><strong><em>tribue</em></strong></span> <span class='ocrx_word' id='word_1_469' title='bbox 637 4218 719 4301; x_wconf 88' lang='lat' dir='ltr'><strong><em>diei,</em></strong></span> <span class='ocrx_word' id='word_1_470' title='bbox 735 4222 794 4310; x_wconf 91' lang='lat' dir='ltr'><strong><em>qui</em></strong></span> <span class='ocrx_word' id='word_1_471' title='bbox 815 4244 835 4286; x_wconf 93' lang='lat' dir='ltr'><strong><em>a</em></strong></span> <span class='ocrx_word' id='word_1_472' title='bbox 853 4225 921 4287; x_wconf 85' lang='lat' dir='ltr'><strong><em>Deo</em></strong></span> <span class='ocrx_word' id='word_1_473' title='bbox 941 4225 1044 4287; x_wconf 86' lang='lat' dir='ltr'><strong><em>antea</em></strong></span> <span class='ocrx_word' id='word_1_474' title='bbox 1060 4220 1260 4308; x_wconf 82' lang='lat' dir='ltr'><strong><em>(antequam</em></strong></span> <span class='ocrx_word' id='word_1_475' title='bbox 1279 4218 1438 4284; x_wconf 91' lang='lat' dir='ltr'><strong><em>homines</em></strong></span> <span class='ocrx_word' id='word_1_476' title='bbox 1456 4238 1535 4283; x_wconf 91' lang='lat' dir='ltr'><strong><em>eum</em></strong></span> 
     </span>
     <span class='ocr_line' id='line_1_44' title="bbox 203 4322 1535 4415; baseline 0.002 -29"><span class='ocrx_word' id='word_1_477' title='bbox 203 4323 293 4388; x_wconf 89' lang='lat' dir='ltr'><strong><em>diem</em></strong></span> <span class='ocrx_word' id='word_1_478' title='bbox 310 4323 533 4415; x_wconf 84' lang='lat' dir='ltr'><strong><em>honorarent)</em></strong></span> <span class='ocrx_word' id='word_1_479' title='bbox 552 4348 630 4393; x_wconf 86' lang='lat' dir='ltr'><strong><em>cum</em></strong></span> <span class='ocrx_word' id='word_1_480' title='bbox 650 4327 830 4393; x_wconf 81' lang='lat' dir='ltr'><strong><em>sanctitate</em></strong></span> <span class='ocrx_word' id='word_1_481' title='bbox 849 4329 964 4394; x_wconf 85' lang='lat' dir='ltr'><strong><em>fuerat</em></strong></span> <span class='ocrx_word' id='word_1_482' title='bbox 981 4327 1180 4408; x_wconf 75' lang='lat' dir='ltr'><strong><em>honoratuS,</em></strong></span> <span class='ocrx_word' id='word_1_483' title='bbox 1198 4325 1253 4392; x_wconf 90' lang='lat' dir='ltr'><strong><em>cui</em></strong></span> <span class='ocrx_word' id='word_1_484' title='bbox 1272 4329 1360 4391; x_wconf 85' lang='lat' dir='ltr'><strong><em>Deus</em></strong></span> <span class='ocrx_word' id='word_1_485' title='bbox 1378 4322 1423 4389; x_wconf 88' lang='lat' dir='ltr'><strong><em>ab</em></strong></span> <span class='ocrx_word' id='word_1_486' title='bbox 1439 4322 1535 4391; x_wconf 82' lang='lat' dir='ltr'><strong><em>initio</em></strong></span> 
     </span>
     <span class='ocr_line' id='line_1_45' title="bbox 202 4429 1538 4518; baseline 0.001 -25"><span class='ocrx_word' id='word_1_487' title='bbox 202 4429 370 4497; x_wconf 86' lang='lat' dir='ltr'><strong><em>honorem</em></strong></span> <span class='ocrx_word' id='word_1_488' title='bbox 383 4432 451 4499; x_wconf 91' lang='lat' dir='ltr'><strong><em>diei</em></strong></span> <span class='ocrx_word' id='word_1_489' title='bbox 463 4434 569 4499; x_wconf 88' lang='lat' dir='ltr'><strong><em>sancti</em></strong></span> <span class='ocrx_word' id='word_1_490' title='bbox 586 4433 785 4501; x_wconf 87' lang='lat' dir='ltr'><strong><em>contulerit.</em></strong></span> <span class='ocrx_word' id='word_1_491' title='bbox 801 4438 886 4500; x_wconf 81' lang='lat' dir='ltr'><strong><em>[teus</em></strong></span> <span class='ocrx_word' id='word_1_492' title='bbox 903 4434 997 4500; x_wconf 92' lang='lat' dir='ltr'><strong><em>hunc</em></strong></span> <span class='ocrx_word' id='word_1_493' title='bbox 1012 4432 1103 4499; x_wconf 90' lang='lat' dir='ltr'><strong><em>diem</em></strong></span> <span class='ocrx_word' id='word_1_494' title='bbox 1120 4456 1141 4499; x_wconf 91' lang='lat' dir='ltr'><strong><em>a</em></strong></span> <span class='ocrx_word' id='word_1_495' title='bbox 1155 4430 1395 4498; x_wconf 90' lang='lat' dir='ltr'><strong><em>communibus</em></strong></span> <span class='ocrx_word' id='word_1_496' title='bbox 1410 4434 1444 4496; x_wconf 84' lang='lat' dir='ltr'><strong><em>et</em></strong></span> <span class='ocrx_word' id='word_1_497' title='bbox 1458 4450 1538 4518; x_wconf 86' lang='lat' dir='ltr'><strong><em>pro·</em></strong></span> 
     </span>
     <span class='ocr_line' id='line_1_46' title="bbox 203 4536 1536 4625; baseline 0.002 -25"><span class='ocrx_word' id='word_1_498' title='bbox 203 4536 290 4603; x_wconf 89' lang='lat' dir='ltr'><strong><em>fanis</em></strong></span> <span class='ocrx_word' id='word_1_499' title='bbox 305 4544 523 4625; x_wconf 82' lang='lat' dir='ltr'><strong><em>segregatum</em></strong></span> <span class='ocrx_word' id='word_1_500' title='bbox 538 4540 647 4608; x_wconf 86' lang='lat' dir='ltr'><strong><em>voluit</em></strong></span> <span class='ocrx_word' id='word_1_501' title='bbox 662 4539 785 4607; x_wconf 88' lang='lat' dir='ltr'><strong><em>haberi</em></strong></span> <span class='ocrx_word' id='word_1_502' title='bbox 803 4547 971 4607; x_wconf 87' lang='lat' dir='ltr'><strong><em>sanctum.</em></strong></span> <span class='ocrx_word' id='word_1_503' title='bbox 987 4539 1134 4607; x_wconf 82' lang='lat' dir='ltr'><strong><em>Nicanor</em></strong></span> <span class='ocrx_word' id='word_1_504' title='bbox 1153 4543 1271 4606; x_wconf 87' lang='lat' dir='ltr'><strong><em>autem</em></strong></span> <span class='ocrx_word' id='word_1_505' title='bbox 1289 4544 1536 4625; x_wconf 69' lang='grc' dir='ltr'>ὁτριςοὶιτηριος</span> 
     </span>
     <span class='ocr_line' id='line_1_47' title="bbox 205 4640 1532 4736; baseline 0.001 -32"><span class='ocrx_word' id='word_1_506' title='bbox 205 4645 255 4705; x_wconf 84' lang='lat' dir='ltr'><strong><em>ter</em></strong></span> <span class='ocrx_word' id='word_1_507' title='bbox 276 4644 498 4729; x_wconf 81' lang='lat' dir='ltr'><strong><em>facinorosus,</em></strong></span> <span class='ocrx_word' id='word_1_508' title='bbox 523 4646 594 4713; x_wconf 88' lang='lat' dir='ltr'><strong><em>scil.</em></strong></span> <span class='ocrx_word' id='word_1_509' title='bbox 622 4646 667 4713; x_wconf 90' lang='lat' dir='ltr'><strong><em>ob</em></strong></span> <span class='ocrx_word' id='word_1_510' title='bbox 692 4647 1001 4736; x_wconf 85' lang='lat' dir='ltr'><strong><em>insolentiamque</em></strong></span> <span class='ocrx_word' id='word_1_511' title='bbox 1027 4650 1148 4713; x_wconf 86' lang='lat' dir='ltr'><strong><em>contra</em></strong></span> <span class='ocrx_word' id='word_1_512' title='bbox 1171 4650 1277 4712; x_wconf 85' lang='lat' dir='ltr'><strong><em>Deum</em></strong></span> <span class='ocrx_word' id='word_1_513' title='bbox 1305 4664 1378 4710; x_wconf 91' lang='lat' dir='ltr'><strong><em>sese</em></strong></span> <span class='ocrx_word' id='word_1_514' title='bbox 1402 4640 1532 4725; x_wconf 77' lang='lat' dir='ltr'><strong><em>extulit,</em></strong></span> 
     </span>
    </p>
   </div>
   <div class='ocr_carea' id='block_1_4' title="bbox 0 0 1826 5367">
    <p class='ocr_par' dir='ltr' id='par_1_4' title="bbox 0 0 1826 5367">
     <span class='ocr_line' id='line_1_48' title="bbox 0 0 1826 5367; baseline 0 0"><span class='ocrx_word' id='word_1_515' title='bbox 0 0 1826 5367; x_wconf 95' lang='lat' dir='ltr'><strong><em> </em></strong></span> 
     </span>
    </p>
   </div>
  </div>
 </body>
</html>
