3625 5367
267 336 306 395 61
818 329 846 386 1.
870 343 963 389 κιαι.
986 328 1048 397 ut.

340 487 469 537 trucidati
481 493 542 536 sunt
555 498 628 535 senes
643 484 701 533 eius
716 482 747 531 in
760 482 870 547 pluteis,
920 476 1072 547 ἀπεκτάνθη
1094 476 1127 531 τὰ
1146 472 1228 544 νήπια
1247 474 1328 544 αὐτῆς
1346 474 1372 531 le
1386 480 1444 539 ταῖς
1458 473 1596 541 πλατείαις

338 583 362 626 et
377 578 484 626 iuuenes
499 576 556 623 eius
571 573 720 623 ceciderunt
735 572 766 621 in
779 570 872 634 plodio
891 618 892 621 ,
1021 566 1111 635 αὐτῆς,

374 666 555 715 inimicorum.
959 654 983 711 oi
994 650 1126 711 νεανίσκοι
1140 652 1221 722 αὐτῆς
1234 654 1259 710 ἐν
1275 648 1393 730 ῥομφαία
1408 651 1514 729 ἐχθροῦ.

270 756 315 807 10.
340 756 410 815 Quos
424 767 488 817 pects
506 766 562 802 non
581 750 742 801 hereditavit
762 762 872 812 repnum
921 744 968 802 10.
988 745 1069 802 Ποῖον
1091 740 1161 807 ἔθνος
1179 742 1227 799 οὐκ
1242 739 1438 819 ἐκληρονόμησε
1458 739 1593 819 βασιλείαν

374 842 441 903 elus,
737 886 739 889 .
1021 831 1102 901 αὐτῆς

338 940 361 981 et
375 946 431 981 non
444 930 562 982 obtinuit
576 928 665 993 spolio
680 929 753 977 eius?
959 919 1004 977 καὶ
1019 920 1067 978 οὐκ
1082 920 1213 997 lipsiensi
1222 920 1275 976 τῶν
1287 916 1391 977 σκύλων
1406 919 1505 989 αὖτ’ἡςς

270 1024 313 1073 II.
337 1022 423 1072 omnis
437 1020 592 1084 compositio
607 1020 665 1067 eius
681 1015 774 1066 oblato
789 1023 842 1076 σοις
920 1010 968 1069 II.
986 1019 1038 1074 πᾶς
1049 1012 1063 1065 ὁ
1075 1006 1173 1083 κόσμος
1188 1008 1269 1077 αὐτῆς
1284 1006 1413 1087 ἀφῃρέθη,

337 1121 405 1171 quoe
419 1115 478 1157 αισι
494 1106 580 1157 libero
593 1106 666 1170 [octo
680 1112 718 1155 est
734 1104 854 1164 oneillu;
960 1094 1019 1154 ἀντὶ
1033 1094 1170 1175 ἐλευθέρας
1183 1096 1287 1171 ἐγένετο
1301 1096 1337 1161 αἶς
1348 1095 1457 1166 δούλην,

270 1196 312 1250 12.
337 1206 430 1247 sterce
445 1204 539 1246 saneto
552 1202 646 1243 nostro
658 1200 683 1242 et
696 1192 873 1257 pulchritudo
920 1188 968 1247 It.
994 1184 1041 1243 καὶ
1054 1183 1110 1243 ἰδοὺ
1131 1185 1165 1241 τὰ
1188 1184 1251 1261 ἅγια
1274 1187 1350 1256 ἡμῶν
1375 1184 1421 1241 καὶ
1441 1188 1459 1254 ἡ
1477 1184 1592 1255 καλλονὴ

372 1292 466 1336 nostru
481 1291 504 1334 et
519 1284 632 1335 elorilus
645 1289 738 1333 nostro
751 1280 872 1331 desoluto
1019 1276 1095 1346 ἡμῶν

373 1380 420 1435 est,
959 1358 1033 1430 καὶὴ
1049 1360 1110 1427 δόξα
1122 1364 1198 1437 ἡμῶν
1212 1358 1355 1441 ἠρημώθη,

338 1469 362 1513 et
376 1462 620 1524 coinquinaverunt
636 1473 667 1509 eo
681 1467 783 1523 pentes.
959 1448 1005 1507 καὶ
1016 1447 1190 1521 ἐὸιὸήλωσαν
1204 1449 1272 1508 αὐτὰ
1286 1449 1319 1507 τὰ
1334 1449 1405 1521 ἔθνη.

177 1680 179 1683 -
270 1643 314 1694 13.
339 1644 393 1701 Quo
412 1654 474 1704 erpo
497 1640 575 1689 nobis
595 1638 809 1689 odlcucuiuere?
830 1634 871 1687 rt.
921 1628 969 1687 13.
985 1622 1047 1686 Ἵνα
1067 1626 1094 1685 τί
1114 1630 1178 1703 ἡμῖν
1199 1627 1238 1685 ἔτι
1261 1625 1448 1698 limitari
1469 1624 1586 1707 διέρρηξε

266 1738 290 1781 et
311 1732 390 1781 scidit
410 1730 567 1781 uestimento
589 1742 638 1777 suo
660 1727 826 1777 lothothios
848 1732 872 1776 et
921 1714 1076 1782 Ματταθίας
1088 1715 1134 1774 καὶ
1147 1718 1170 1773 ol
1185 1716 1235 1775 eloi
1250 1718 1329 1774 αὐτοῦ
1341 1714 1375 1773 τὰ
1386 1714 1481 1793 ἱμάτια
1497 1718 1594 1794 αὐτῶν,

265 1820 318 1885 filii
331 1820 389 1869 eius
403 1826 427 1868 et
438 1824 600 1883 operuerunt
612 1831 639 1867 se
649 1814 748 1867 ciliciis
758 1822 782 1865 et
791 1816 873 1880 pion·
920 1803 966 1861 uui
980 1805 1171 1885 ιιιριιβιίλοντο
1182 1804 1296 1871 σάκκους
1311 1804 1356 1862 καὶ
1370 1804 1515 1875 ἐπίνθησαν
1530 1804 1593 1886 αρί-

265 1916 360 1957 serunt
376 1906 462 1957 valde.
920 1893 980 1971 δρα.
1582 1909 1585 1913 ·

308 2072 510 2139 lIathathins
536 2070 651 2156 (etiem
680 2072 835 2149 Ματθίας,
863 2070 1044 2159 Iosephus,
1068 2070 1154 2137 Bell.
1182 2076 1287 2152 1,1,3‚
1315 2070 1445 2137 donum
1475 2070 1593 2160 Iuhve)

264 2185 405 2247 vocatur
424 2177 517 2267 apud
538 2176 718 2265 Iosephum
742 2186 802 2255 utic,
826 2179 1034 2260 Ἀσαμωναίου
1056 2175 1154 2265 (Bell.
1172 2177 1195 2244 I.
1217 2175 1279 2265 α),
1299 2175 1357 2242 sed
1377 2180 1454 2243 hnt.
1478 2182 1590 2258 ta,t‚1

265 2292 415 2375 Symeon
434 2284 572 2350 demum
593 2282 686 2349 filius
707 2286 848 2349 vocatur
866 2284 1081 2364 Asamonnei,
1100 2284 1187 2349 siout
1205 2281 1299 2372 npud
1317 2284 1428 2372 ipsum
1448 2288 1482 2349 et
1501 2283 1594 2373 apud

264 2393 426 2460 rabbinos
444 2389 571 2480 posteri
589 2387 795 2456 blathuthiae
817 2395 983 2456 vocantur
996 2398 1022 2457 οἱ
1046 2391 1251 2474 Ἀσαμωναίου
1272 2396 1390 2468 παῖδες,
1410 2402 1430 2473 ἡ
1452 2392 1594 2474 Ἀσαμω-

263 2510 349 2567 ναίων
370 2503 458 2585 γενεί
483 2497 572 2585 (Ant.
599 2499 752 2576 It,tu,t;
778 2498 929 2579 to,8,11)
953 2510 1111 2570 numum,
1135 2495 1348 2563 IIasmonaei.
1371 2500 1449 2561 Erat
1468 2496 1594 2563 hlutha-

263 2604 353 2671 thias
367 2602 523 2671 sacerdos
535 2624 575 2668 ex
591 2602 663 2668 vioe
679 2601 805 2684 Iourib,
823 2606 855 2682 ἐξ
867 2608 1029 2690 ἐφημερίας
1044 2626 1084 2669 ex
1096 2602 1218 2670 ordine
1231 2600 1451 2669 sacerdotalis
1466 2601 1590 2682 Ionrib,

264 2711 411 2800 quierat
430 2709 563 2798 primus
582 2707 667 2774 ordo
680 2730 720 2774 ex
740 2708 863 2793 viginti
879 2715 1043 2797 quattuor
1062 2708 1252 2788 ordinibus,
1271 2730 1357 2797 quos
1371 2708 1477 2775 Itavid
1495 2708 1593 2775 insti-

263 2821 376 2884 tuerat
397 2816 442 2881 ad
467 2814 587 2901 templi
608 2813 786 2880 servilium
809 2815 868 2883 tet.
896 2820 1008 2881 lPer.
1035 2815 1142 2903 ‘Ml-
1167 2814 1300 2880 Primus
1322 2814 1381 2881 ille
1397 2814 1482 2881 ordo
1504 2836 1591 2905 prae

260 2920 403 3011 reliquis
417 2919 566 2986 nobilior
582 2918 775 2985 habebatur
790 2920 845 3005 (of.
864 2919 1039 3009 Iosephus,
1060 2921 1130 2986 vila
1146 2924 1189 3005 1).
1207 2920 1306 3010 Apud
1321 2921 1465 2988 Iudaeos
1478 2943 1591 3011 quan-

261 3030 375 3117 doque
389 3024 542 3117 pontilex
559 3024 757 3114 appellatur
771 3026 828 3115 (of.
845 3026 935 3113 Gr.);
952 3025 1012 3092 sed
1027 3032 1147 3093 nostro
1160 3026 1251 3093 libro
1264 3026 1421 3095 sacerdos
1435 3034 1588 3109 vocatur,

262 3142 295 3202 ut
308 3139 427 3202 contra
440 3132 536 3199 illam
553 3130 750 3220 opinionem
766 3152 872 3221 quam
886 3131 1057 3215 Sescenius,
1076 3121 1160 3221 Lup.
1181 3135 1207 3197 T
1207 3133 1288 3201 irin.
1306 3133 1366 3199 alii
1384 3142 1588 3223 sequuntur,
1662 3126 1666 3133 ’

259 3242 330 3309 iam
347 3238 590 3307 animadvertit
608 3236 739 3305 Golmet
752 3259 764 3303 .·
779 3238 808 3304 si
824 3237 1042 3331 pontificatus
1056 3260 1199 3305 munere
1211 3240 1358 3306 donatus
1375 3239 1504 3321 fuisset,
1519 3240 1589 3307 iam

260 3348 353 3416 illius
365 3346 516 3433 dignitas
527 3342 736 3411 hereditario
748 3342 824 3411 iure
833 3344 878 3412 ad
889 3352 1043 3432 posteros
1057 3344 1257 3428 devenisset,
1268 3367 1380 3434 neque
1392 3345 1429 3412 id
1439 3345 1591 3414 muneris

261 3453 408 3545 populus
428 3450 529 3518 Iudae
549 3448 750 3516 IIachubaeo
766 3450 953 3518 detulisset.
968 3455 1032 3517 Pro
1053 3451 1172 3540 ’Inspit
1190 3452 1291 3542 (ιωριμ
1306 3470 1339 3523 n,
1355 3482 1478 3541 ιωαρειμ
1490 3457 1517 3518 Α
1531 3459 1585 3519 62.

262 3562 318 3648 iit)
334 3558 502 3650 praebent
518 3562 551 3639 S,
568 3579 584 3624 s
599 3556 764 3625 Ionedah.

306 3667 357 3733 hd
378 3665 463 3755 quid
485 3664 700 3731 referendum
723 3664 766 3731 sit
784 3661 826 3729 ab
845 3664 1032 3731 Ierusalem
1047 3663 1272 3754 disceptetur.
1287 3665 1450 3754 Iosephus
1471 3686 1589 3731 vocem

260 3776 364 3843 refert
376 3772 418 3840 ad
435 3770 654 3838 Mathathiam
670 3792 746 3836 eum
764 3791 890 3837 vocans
905 3771 1268 3857 Hierosolymitunum3
1286 3770 1441 3838 similiter
1455 3771 1517 3838 elii
1529 3770 1590 3860 qui

261 3882 431 3969 explicant
443 3900 521 3944 eum
533 3876 577 3943 ab
589 3875 830 3962 Hierosolymis
841 3877 1016 3943 secessisse
1031 3884 1065 3943 et
1079 3877 1271 3944 consedisse
1285 3878 1323 3943 in
1335 3877 1447 3945 IIodin
1461 3877 1585 3965 (cum.

263 3989 319 4053 Gr.
327 3986 355 4069 ’,ις
372 3985 418 4050 ita
435 4006 532 4073 posse
545 3982 642 4069 iungi
659 3988 787 4048 eertum
804 3982 953 4066 videtur,
969 4005 1046 4050 oum
1064 3987 1213 4052 ἀνιστάναι
1226 3984 1329 4050 etiam
1344 3985 1438 4074 apud
1455 3984 1589 4071 Thucy-

261 4092 378 4159 didem
404 4090 599 4179 (1,105ἀπ“ο
625 4088 832 4176 Aipimgtea
858 4090 1000 4156 notione
1028 4089 1251 4167 adhiheatur;
1277 4090 1335 4157 sed
1365 4114 1397 4157 v.
1430 4097 1530 4157 17:10
1554 4096 1588 4155 et

260 4195 461 4289 praesertim
483 4201 582 4273 1325
601 4194 765 4260 docemur
782 4194 893 4262 IIodin
915 4218 990 4262 esse
1010 4196 1158 4285 patriam
1177 4196 1382 4264 IIathathiae
1402 4203 1436 4264 et
1453 4199 1586 4264 IIaoha-

258 4306 437 4373 baeorum.
450 4306 559 4380 Quare
574 4302 616 4366 ub
629 4298 816 4366 Jerusalem
829 4301 1046 4387 iungendum
1058 4302 1123 4368 erit
1133 4324 1211 4369 eum
1222 4324 1304 4370 voce
1315 4303 1371 4370 oui
1381 4303 1519 4370 additur
1529 4315 1586 4371 τῶν

259 4424 326 4481 υἱῶν
351 4414 468 4499 Ἰωαρίθ
489 4410 547 4497 qui
568 4406 760 4473 secerdotes
780 4414 889 4487 erunt,
912 4431 971 4475 seu
994 4415 1106 4474 ortum
1131 4409 1307 4476 habehant
1326 4432 1364 4476 ex
1388 4412 1584 4477 Ierusalem.

260 4526 341 4585 Num
358 4519 423 4583 hoo
440 4537 577 4605 quoque
594 4514 668 4579 loeo
686 4512 729 4578 de
747 4514 934 4580 Mathathia
951 4513 1077 4581 dieitur
1093 4522 1224 4584 ἐκάθισεν
1240 4516 1263 4581 i.
1283 4539 1313 4581 e.
1336 4516 1506 4584 habitavit
1524 4517 1588 4599 (uti

260 4626 349 4692 bene
372 4630 403 4703 S,
426 4622 467 4713 s),
486 4622 602 4689 sedem
623 4640 722 4687 suam.
741 4619 862 4686 habuit
877 4618 911 4685 iu
932 4619 1060 4701 IIodin;
1079 4624 1184 4705 ἀνέστη
1206 4622 1317 4711 (hebr.
1337 4638 1407 4714 nup,
1431 4626 1480 4690 uti
1502 4629 1534 4698 S,
1557 4624 1585 4710 s)

260 4730 386 4797 dIcitur
406 4729 448 4795 de
473 4752 512 4796 eo
534 4728 593 4817 qui
613 4728 650 4794 in
674 4725 851 4816 publicum
873 4726 1017 4815 prodiit;
1045 4728 1215 4794 indicatur
1237 4728 1343 4794 verbo
1367 4730 1434 4795 hoe
1459 4730 1497 4795 in
1519 4728 1586 4795 iltis
