3625 5367
719 336 747 395 ἱ).
772 346 871 397 ulcu:
889 339 1009 410 tal-7.
1388 328 1391 333 ’
1472 351 1529 409 401

199 490 325 557 iterum
339 486 501 566 habetur,
528 485 617 551 hanc
632 485 883 574 expeditionem
900 491 935 554 et
951 488 1046 576 pacis
1064 487 1321 559 conclusionem
1335 493 1439 561 aliam
1461 518 1531 566 esse

198 595 242 663 ab
259 594 355 661 eade
368 616 437 683 qua
455 597 616 659 narratur
634 598 650 657 1
670 593 774 659 Naeh.
795 600 955 675 aaa-m,
972 593 1023 659 ibi
1042 593 1134 660 enim
1152 595 1225 685 ipse
1244 620 1302 665 rex
1322 602 1532 690 expeditioni

196 703 362 769 intererat
383 698 486 789 (6,33.
508 704 562 763 57.
586 702 640 764 60.
664 698 733 785 62).
758 699 874 767 ludaei
892 700 986 789 pacis
1005 700 1168 789 petitione
1192 724 1213 768 a
1235 706 1332 792 Lysia
1355 708 1446 775 faeta
1464 720 1533 799 περὶ

198 818 251 893 τὴν
281 815 430 896 γεωργίαν
455 797 585 893 tyanae
610 804 736 872 iterum
762 828 834 873 sese
860 804 1145 895 occupationibus
1172 809 1333 898 pacificis,
1359 815 1533 884 ruralibus

199 912 435 1004 applicabant.
452 916 576 978 Verum
597 910 714 999 plures
728 934 767 979 ex
790 914 971 1003 praefectis
990 912 1193 982 aedacibus
1207 916 1355 986 militum
1375 944 1531 1008 syrorum

200 1021 308 1112 quiin
328 1019 433 1087 variis
447 1017 530 1085 loeis
544 1017 721 1107 praesidia
739 1020 901 1106 agebant,
923 1042 993 1085 non
1013 1018 1173 1088 sinebant
1193 1022 1337 1091 ludaeos
1356 1027 1425 1094 frui
1444 1035 1533 1098 statu

199 1149 367 1218 prospero
378 1148 441 1193 neo
455 1124 563 1191 vitam
576 1145 681 1211 agere
695 1125 933 1215 tranquillam.
951 1126 1145 1194 Timotheus
1159 1128 1233 1195 cf.1
1249 1131 1354 1197 Nach.
1368 1140 1459 1214 5,11.
1477 1142 1531 1206 3t.

202 1240 261 1314 [403
289 1233 491 1323 Apollonius
514 1242 528 1299 ὁ
555 1247 606 1299 τοῦ
633 1234 785 1317 Penates,
807 1231 899 1299 tilius
919 1233 1336 1321 Gennaei,'dlstinguitur
1361 1262 1381 1305 a
1400 1240 1535 1310 duobus

201 1340 279 1408 aliis
297 1341 380 1429 (3,5.
408 1347 427 1404 7
446 1344 479 1405 et
498 1336 607 1425 ml),
632 1343 775 1427 quartus
796 1339 934 1406 nomine
956 1339 1161 1427 Apollonius
1182 1348 1198 1407 1
1219 1344 1325 1410 Nach.
1354 1352 1454 1430 10,6a
1474 1349 1532 1438 (cf.

202 1445 321 1534 Polyb.
339 1450 495 1528 31,19,o;
519 1444 686 1533 31,a1,a).
702 1444 930 1533 Hieronymus
944 1450 977 1512 et
997 1447 1199 1536 Demophon
1219 1448 1276 1515 hic
1292 1450 1406 1518 solum
1426 1454 1536 1520 nomi-

201 1557 346 1633 nantur;
368 1550 513 1618 Nicanor
531 1560 546 1617 ὸ
563 1554 775 1640 Κυπριάρχης,
798 1573 868 1640 quo
887 1552 988 1619 titulo
1006 1552 1232 1639 distinguitur
1247 1577 1267 1622 a
1280 1557 1445 1625 Nicanore
1464 1560 1536 1628 filio

202 1657 347 1725 Patrocli
373 1657 461 1747 (8,9;
485 1656 613 1745 fidu).
638 1658 826 1725 Antiochus
846 1657 1041 1748 Epiphanes
1064 1681 1128 1749 per
1150 1658 1293 1750 aliquod
1313 1650 1448 1754 tempus
1472 1672 1535 1755 Cy-

202 1785 304 1853 prum
330 1762 482 1831 insulam
505 1761 719 1851 possidebat;
748 1786 787 1829 eo
810 1770 966 1853 tempore
995 1770 1131 1854 poterat
1151 1767 1297 1834 Nicanor
1316 1792 1389 1837 esse
1413 1775 1537 1859 magis·

205 1874 323 1953 tratus,
351 1892 408 1936 seu
432 1869 626 1959 praefectus
652 1869 797 1937 insulae.
820 1875 942 1938 Narrat
970 1870 1131 1958 Polybius
1158 1874 1325 1964 (Palm)
1351 1878 1537 1966 Popillium

202 1982 351 2066 Cyprum
367 1976 557 2060 navigasse,
576 1982 612 2060 ut
626 1976 830 2065 quantocius
848 1999 889 2043 ex
903 1976 966 2043 illa
984 1977 1102 2045 insula
1120 1979 1278 2046 Antiochi
1299 1981 1417 2070 copias
1438 1984 1539 2053 eiice-

203 2088 266 2148 ret.
285 2081 350 2148 Sed
370 2084 572 2168 Κυπριάρχης
594 2079 697 2147 etiam
719 2084 748 2148 is
766 2081 834 2149 dici
855 2086 965 2171 potest
989 2082 1050 2172 qui
1070 2073 1219 2172 praefuit
1243 2087 1348 2155 sacris
1365 2110 1426 2158 seu
1447 2090 1539 2159 ludis

203 2189 240 2257 in
256 2186 420 2254 honorem
436 2186 579 2254 deorum
594 2186 632 2254 in
651 2186 763 2255 insula
780 2187 1011 2268 instituendis,
1027 2189 1089 2277 qui
1103 2190 1223 2257 titulus
1243 2198 1294 2258 est
1316 2194 1469 2278 honoris,
1487 2199 1538 2263 uti

209 2296 387 2383 Ἀσιάρχης,
421 2295 635 2381 Γαλατάρχης,
668 2294 869 2383 Βιθυνιάρχης
894 2301 959 2361 ele.
992 2294 1049 2382 (cl.
1079 2298 1151 2361 Act.
1185 2302 1304 2379 19,31;
1335 2301 1536 2385 Mommsen,

205 2406 301 2467 Nom.
317 2398 517 2467 Geschichte
531 2406 550 2465 5
567 2422 600 2489 p.
617 2398 708 2487 318).

248 2506 345 2584 Quali
360 2506 439 2573 odio
454 2505 565 2572 habiti
579 2505 645 2571 sint
659 2504 775 2573 ludaei
790 2505 848 2595 (cf.
868 2513 884 2572 1
899 2506 1004 2572 Naoh.
1021 2512 1091 2586 5‚1.
1109 2508 1142 2595 Ξ)
1159 2512 1194 2575 et
1208 2509 1293 2598 quid
1307 2511 1534 2601 alienigenae,

207 2613 417 2703 protectione
434 2616 600 2699 Syrorum
619 2611 753 2694 confisi,
774 2610 901 2679 audere
919 2633 1018 2703 posse
1037 2612 1104 2679 sibi
1124 2616 1369 2702 persuaserint,
1385 2618 1538 2689 illustra-

205 2727 263 2785 tur
275 2720 472 2787 narratione
488 2718 529 2785 de
544 2717 666 2784 incolis
683 2721 786 2807 ioppe
806 2739 838 2785 v.
857 2725 876 2784 3
895 2740 988 2807 seq.;
1004 2720 1194 2787 invitarunt
1206 2722 1348 2791 ludaeos
1365 2730 1404 2792 ut
1419 2748 1537 2795 secum

205 2826 393 2895 iucundam
414 2826 566 2890 facerent
583 2824 857 2909 navigationem,
879 2846 919 2891 ac
937 2824 967 2891 si
985 2826 1083 2893 nulla
1105 2827 1144 2892 in
1160 2849 1218 2894 eos
1237 2829 1410 2899 exsisteret
1432 2835 1538 2903 malc-

205 2930 366 3013 volentia,
388 2951 506 2996 verum
532 2952 573 2996 ex
591 2930 769 2997 communi
787 2929 935 2998 civitatis
958 2930 1097 2999 decreto
1118 2932 1206 3022 (soil.
1232 2956 1288 3002 cos
1310 2936 1535 3030 invitarunt);

204 3037 442 3105 invitationem
466 3041 672 3125 acceperunt
698 3036 826 3118 ludaei,
854 3046 895 3118 ὡς
920 3044 954 3105 ἂν
976 3043 1093 3127 utpote
1114 3061 1237 3129 pacem
1256 3041 1369 3112 colere
1388 3046 1539 3116 volentes

207 3151 240 3211 et
256 3143 341 3210 nihil
367 3142 447 3209 mali
467 3144 640 3232 suspicati.
667 3148 787 3211 Verum
810 3145 934 3233 perfidi
949 3144 1101 3231 loppitae
1117 3145 1259 3214 eductos
1278 3151 1314 3214 in
1333 3151 1440 3219 altum
1456 3153 1539 3220 sub·

206 3256 398 3317 merserunt
429 3269 497 3314 non
525 3248 639 3314 minus
671 3248 845 3316 ducentos.
873 3254 956 3316 Rem
992 3248 1094 3337 plane
1123 3250 1391 3340 improbabilem
1424 3266 1538 3326 censet

211 3358 270 3425 Gr.
293 3378 333 3424 ex
352 3354 486 3422 duabus
505 3353 698 3420 rationibus
715 3375 722 3421 :
739 3353 872 3421 ludaeis
891 3352 1049 3420 debuisse
1068 3361 1187 3422 notam
1207 3356 1309 3424 fuisse
1330 3359 1538 3431 malevolen-

208 3462 290 3530 tiam
306 3460 536 3551 loppitarum3
558 3458 597 3527 in
609 3459 686 3548 ipsa
705 3460 802 3543 urbe,
822 3464 940 3550 utpote
960 3460 1114 3549 emporio
1137 3483 1275 3551 magno,
1293 3466 1538 3559 multoplures

209 3569 350 3636 ludaeos
370 3566 563 3635 incoluisse.
587 3566 639 3633 Ad
663 3568 760 3656 prius
783 3565 867 3633 satis
890 3566 1100 3656 respondent
1120 3569 1226 3636 verba
1248 3579 1290 3651 ὡς
1316 3580 1351 3642 ἂν
1378 3579 1537 3664 εἰρηνεύειν

210 3680 368 3756 θελόντων,
397 3695 476 3741 cum
511 3673 662 3763 loppitae
694 3673 864 3741 instanter
891 3671 1090 3755 invitarent,
1117 3674 1234 3742 ludaei
1264 3685 1433 3766 quantum
1463 3682 1538 3749 fieri

210 3786 344 3872 poterat
363 3801 482 3869 pacem
507 3779 633 3863 colere,
655 3779 807 3846 indolem
827 3780 1006 3869 pacificam
1026 3782 1204 3848 ostendere
1223 3780 1400 3868 volebant,
1426 3809 1469 3854 ne
1485 3811 1539 3857 re·

209 3889 308 3978 pulsa
326 3886 393 3976 ipsi
407 3885 667 3953 inimicitiarum
687 3891 843 3954 auctores
862 3887 1074 3953 exsisterent.
1096 3890 1211 3977 Neque
1229 3889 1385 3979 sequitur
1403 3915 1444 3959 ex
1461 3917 1540 3963 nar-

210 3994 342 4061 ratione
361 3992 474 4059 solum
491 3992 655 4059 ducentos
675 3992 817 4059 ludaeos
830 3992 880 4059 ihi
900 3991 1082 4061 habitasse.
1102 3993 1203 4061 ludas
1220 3996 1393 4083 flagitium
1413 4005 1448 4067 et
1463 4023 1541 4070 eru-

211 4099 388 4167 delitatem
408 4100 498 4167 ultus
520 4103 585 4181 est;
607 4099 764 4166 accendit
788 4106 940 4188 portum,
962 4098 1131 4183 aedificia,
1154 4101 1229 4168 scil.
1247 4110 1376 4193 portus,
1397 4110 1542 4197 scaphas

212 4205 334 4273 exussit
358 4214 392 4272 et
415 4206 477 4294 qui
500 4229 541 4273 eo
565 4206 792 4291 confugerant
815 4204 1016 4286 trucidavit;
1039 4206 1099 4295 qui
1119 4206 1194 4274 scil.
1223 4230 1301 4275 cum
1325 4212 1441 4279 ludaei
1462 4215 1543 4282 urbi

213 4313 545 4403 appropinquarent,
567 4311 612 4379 ad
630 4312 775 4401 scaphas
797 4312 985 4398 confugere
1004 4317 1037 4379 et
1058 4334 1121 4402 per
1146 4334 1241 4381 mare
1263 4316 1415 4402 effugere
1433 4324 1543 4387 tenta-

214 4426 306 4486 runt.
323 4418 388 4485 Sed
409 4440 486 4486 oum
506 4416 675 4509 oppidum
693 4418 846 4486 clausum
866 4424 965 4501 essct,
985 4418 1140 4486 discessit
1156 4420 1250 4508 (nam
1266 4420 1310 4487 ad
1329 4420 1543 4492 obsidionem

215 4523 409 4593 faciendam
428 4530 570 4615 paratus
592 4548 662 4593 non
687 4525 772 4613 erat)
789 4548 829 4593 ea
852 4530 969 4592 tamen
992 4524 1196 4606 intentione,
1214 4532 1250 4593 ut
1270 4527 1391 4596 iterum
1413 4530 1551 4599 veniret·

215 4640 248 4699 et
273 4632 397 4699 urbem
425 4632 565 4700 deleret.
590 4636 657 4699 Cur
680 4655 750 4699 non
774 4653 931 4699 reversus
951 4632 1006 4715 sit,
1033 4632 1122 4699 ratio
1150 4632 1285 4699 videtur
1307 4634 1408 4702 nohis
1432 4637 1546 4706 offerri

221 4738 263 4807 iis
280 4762 367 4829 quae
384 4740 520 4807 ruach.
539 4744 595 4823 5‚9
609 4761 681 4829 seq.
700 4746 897 4811 narrantur.
921 4744 1005 4806 Nam
1020 4761 1040 4806 a
1055 4744 1159 4830 ioppe
1179 4739 1344 4826 discessit,
1365 4747 1401 4809 ut
1416 4744 1548 4814 ludaeis

674 4868 858 4906 xxxaexnxuan
878 4868 904 4904 ru
921 4868 999 4906 uxcn.
1018 4881 1049 4891 -
1066 4860 1096 4904 ²6
1272 4858 1275 4863 “
