3625 5367
280 297 340 396 ιὀο

799 336 827 391 ’2.
852 348 942 394 usco.
968 334 1103 404 lar-36.

282 513 333 564 pus
346 499 424 560 officit
440 512 491 559 quo
502 497 543 546 sol
558 497 665 561 refulsit
681 497 728 558 qut
740 497 818 560 prius
833 503 889 544 erat
943 487 992 543 23.
1009 484 1162 564 Προςευχὴν
1174 483 1200 541 δὲ
1212 483 1369 555 ἐποιήσαντο
1377 487 1401 542 σί
1409 487 1484 563 ἱερεῖς
1498 486 1618 543 δαπανω-

284 590 313 636 ία
333 585 438 645 nubilo,
464 600 587 634 accensus
611 593 648 634 est
670 587 743 648 ipnis
767 599 888 648 maanus.
941 573 1025 648 μένης
1048 577 1095 643 τῆς
1124 573 1224 645 θυσίας,
1246 574 1321 631 οἵτε
1344 575 1422 651 ἱερεῖς
1450 575 1494 631 καὶ
1524 574 1619 640 πάντες

283 677 323 725 εἰσ
346 682 373 722 ut
397 688 485 722 omues
509 678 684 724 mirarentur.
711 673 755 723 23.
782 673 890 722 Oratio·

282 778 341 814 nem
359 769 446 812 aulem
465 763 603 827 faciebant
625 777 711 811 omnes
731 762 889 821 sacerdotes,

221 845 235 860 “”
283 854 345 903 dum
353 858 581 901 consummaretur
591 853 762 916 sacrificium,
775 851 892 900 lonatlra

285 941 426 992 inchoante
442 941 534 989 ceteris
550 947 638 990 autem
652 940 874 1004 respondentibus
882 953 890 999 ,·

285 1030 328 1081 24.
352 1037 375 1078 et
396 1029 537 1079 Neltemlae
559 1035 616 1078 erat
642 1030 730 1078 oratio
751 1030 819 1078 hunc
842 1030 891 1078 lta-

283 1119 344 1168 bens
361 1118 488 1167 modum:

318 1209 426 1256 Domine
450 1207 516 1255 Deus
546 1208 664 1254 omnium
692 1212 805 1266 creator,
837 1212 892 1254 ter·

284 1296 374 1345 ribilis
398 1302 421 1343 et
447 1296 541 1359 tortis,
567 1297 652 1343 iustus
676 1302 700 1342 et
725 1296 889 1351 misericors,

274 1383 329 1446 qui
347 1384 418 1433 solus
438 1397 464 1431 es
486 1384 568 1431 bonus
584 1397 638 1442 rec,
657 1384 699 1432 25.
719 1383 791 1431 solus
809 1397 891 1447 prete-

281 1480 364 1533 stans,
383 1471 455 1519 solus
475 1473 561 1519 iustus
580 1479 604 1518 et
619 1472 786 1534 omnipotens
805 1479 830 1520 et
846 1485 892 1519 ae-

283 1568 384 1621 ternus,
397 1561 443 1622 qui
460 1558 560 1608 liberas
576 1559 661 1608 lsrael
675 1562 704 1609 de
720 1562 794 1609 omui
809 1560 889 1618 molo,

283 1652 330 1712 qui
344 1649 431 1713 fecisti
450 1655 541 1712 patres
559 1647 653 1697 electos
673 1655 697 1697 et
716 1650 891 1712 sanctificasti

282 1752 338 1797 eos,·
358 1738 390 1788 ‘26
410 1738 498 1801 accipe
516 1738 677 1800 sacrificiunt
696 1751 746 1802 pro
766 1740 891 1787 universo

282 1827 381 1892 popttlo
412 1832 456 1875 luo
487 1825 572 1874 israel
602 1831 625 1874 el
656 1826 759 1875 cttslodi
787 1833 891 1891 partem

284 1923 357 1965 tuam
369 1921 393 1962 el
408 1916 557 1975 sanctifica.
575 1914 617 1964 27.
636 1916 774 1977 Conprepo
790 1917 890 1979 disper·

283 2005 383 2053 sionem
395 2010 523 2059 nostram,
543 1989 629 2051 libera
647 2016 688 2051 eos
707 2004 752 2064 qui
770 2005 891 2053 seruiunt

283 2091 420 2155 pentilus,
446 2095 469 2138 et
491 2096 651 2153 contemptos
676 2097 698 2138 et
724 2091 891 2139 aloncinatos

284 2180 398 2244 respice,
423 2186 450 2227 ul
480 2180 567 2227 sciant
595 2185 684 2239 pentes
714 2180 779 2240 quia
808 2186 836 2228 tu
865 2194 891 2228 es

283 2270 350 2318 Deus
364 2274 464 2317 noster.
482 2267 523 2316 28.
541 2268 634 2329 Adlipe
648 2258 829 2330 opprimentes
843 2282 891 2316 nos

284 2365 308 2406 et
333 2355 520 2405 contumeliam
545 2356 673 2419 facientes
695 2357 726 2404 in
752 2357 889 2420 superbia.

285 2446 328 2496 29.
356 2446 492 2495 Constitue
519 2444 649 2508 populum
677 2452 750 2494 tuum
780 2446 809 2493 in
836 2445 891 2494 loco

284 2541 376 2584 sancio
393 2541 445 2593 tuo,
460 2534 528 2582 sicut
544 2534 613 2582 dislt
629 2533 737 2595 Moyses.

321 2712 363 2761 θθ.
381 2713 534 2761 Sacerdotes
550 2720 638 2759 antem
651 2710 806 2773 psallebant
819 2713 891 2774 ἡμιο-

285 2815 332 2848 nos
355 2814 489 2862 usquequo
512 2806 695 2862 consumptum
717 2808 781 2849 esset
805 2803 891 2850 socci-

287 2889 384 2951 licinm.
399 2888 442 2937 31.
456 2890 520 2937 Cum
534 2895 621 2936 autem
632 2896 814 2951 cortsnmptum
828 2896 891 2937 esset

286 2978 456 3039 sacrificium.
478 2990 508 3022 es
531 2977 639 3024 residua
662 2989 734 3036 aqua
753 2977 892 3025 Neltetnias

288 3066 296 3110 ι’
300 3066 365 3112 ussit
376 3063 479 3128 lapides·
491 3064 604 3111 maiores
613 3062 753 3126 perfundi.
765 3063 806 3112 32.
822 3066 892 3122 (luod

289 3161 316 3200 ut
340 3151 441 3215 sactcun
462 3158 513 3212 est,
540 3165 570 3199 ea
594 3152 632 3200 eis
656 3150 763 3213 tiammo
785 3165 893 3201 accensu

286 3249 338 3299 est;
368 3243 412 3290 sed
442 3255 472 3289 ea
501 3239 601 3290 lumine
632 3242 700 3302 quod
728 3241 834 3304 refulsit
859 3243 892 3290 ab

287 3331 371 3380 altari
386 3335 542 3394 consumpta
553 3337 599 3378 est.
618 3329 662 3378 33.
683 3330 713 3378 ttt
731 3343 791 3378 cero
807 3334 892 3379 ruani-

286 3420 384 3482 seslata
413 3426 451 3467 esi
479 3434 527 3477 res,
558 3419 741 3466 renuntiatum
769 3427 806 3467 esl
835 3422 892 3482 cepi

286 3510 437 3566 Persarum,
460 3508 533 3570 quod
550 3508 580 3554 in
600 3506 664 3565 loco,
682 3508 712 3555 in
732 3520 781 3568 qno
806 3509 892 3569 ionem

287 3597 480 3646 absconderant
506 3598 533 3644 tu·
559 3597 606 3657 qui
629 3595 758 3644 translati
783 3597 891 3659 fuerant

286 3685 441 3747 sacerdotes,
457 3700 529 3747 aqua
545 3680 685 3749 apparuit,
699 3686 729 3732 cle
745 3699 798 3746 qua
809 3687 891 3734 neiro-

285 3776 352 3822 τοῖσι
367 3782 391 3823 et
406 3776 453 3836 qui
469 3789 525 3823 curn
541 3788 569 3822 eo
587 3779 664 3821 eraut
679 3774 890 3837 purificaverunt

283 3864 425 3927 sacrificia.
453 3863 495 3911 33.
523 3863 702 3912 considerans·
730 3868 816 3910 autern
845 3877 890 3911 rec

283 3959 306 3998 et
331 3965 384 3999 reru
413 3951 558 4014 diligenter
584 3952 742 3998 eanruinans
773 3950 835 4013 sccii
865 3954 889 3999 ei

284 4038 419 4101 ternplum,
435 4047 464 4088 ut
476 4040 603 4102 proboret
622 4039 691 4099 autad
706 4039 804 4102 sactum
819 4047 885 4088 erat.

283 4126 325 4173 lo.
346 4126 378 4173 Et
398 4140 454 4174 cunt
473 4126 820 4195 probassetsacerdotilus
840 4130 888 4177 do-

283 4215 359 4263 nauit
385 4215 468 4264 mulla
499 4216 568 4263 bono
592 4222 615 4264 et
641 4215 700 4263 alia
728 4221 805 4276 atque
830 4217 888 4265 alia

282 4316 392 4352 ruuntra
411 4311 435 4353 et
458 4305 591 4367 accipiens
612 4316 694 4352 ritanu
717 4317 766 4353 sua
789 4305 887 4354 triluc-

280 4394 385 4444 boicis.

313 4483 356 4532 36.
376 4483 531 4548 Appellaoit
549 4490 636 4531 antem
657 4483 798 4533 siliculus
815 4483 884 4533 ltunc

939 663 1145 742 καταρχομένου
1164 661 1302 734 Ἰωνάθου,
1321 665 1373 720 τῶν
1395 662 1421 720 δὲ
1443 665 1541 720 λοιπῶν
1563 667 1620 722 ἔπι·

938 750 1099 827 φωνούντων
1113 756 1148 817 ὡς
1164 748 1288 827 Νεεμίου·
1302 754 1351 809 2-6.
1365 742 1398 823 ἦν
1414 751 1441 809 δὲ
1456 755 1472 822 ἡ
1487 754 1616 831 προςευχί,

940 839 985 896 τὀν
1000 840 1098 919 τρόπον
1112 838 1210 919 ἔχουσα
1224 846 1322 899 τοῦτον.

980 1187 1074 1265 Κύριε,
1095 1185 1206 1263 κόριε,δ
1225 1184 1292 1252 Θεὸς
1311 1187 1449 1245 ὑπόντων
1469 1187 1613 1261 κτίστης,ὁ

940 1273 1049 1355 ροθερδς
1062 1276 1107 1332 καὶ
1123 1273 1228 1353 ἰσχυρὸς
1244 1275 1290 1332 καί
1305 1273 1403 1342 δίκαιος
1417 1274 1462 1332 καί
1480 1275 1610 1352 ἐλεήμων,

938 1367 951 1420 ὁ
976 1365 1053 1470 μόνρς
1075 1364 1198 1441 βασιλεὺς
1220 1364 1265 1421 καί
1288 1363 1414 1443 Ιχρηστὸς,
1432 1367 1480 1425 ⁶255.
1501 1370 1514 1423 δ
1538 1366 1613 1440 μόνος

937 1453 1062 1563 χρρηγδς,
1076 1457 1090 1510 ὁ
1105 1452 1182 1528 μόνος
1195 1453 1293 1519 δίκαιος
1308 1453 1354 1511 καὶ
1365 1454 1557 1531 παντοκράτωρ
1569 1453 1614 1514 καί

939 1542 1055 1612 αἰώνιος,
1076 1545 1090 1598 δ
1109 1539 1289 1609 ὂιασώζων
1266 1564 1309 1599 τον
1333 1541 1407 1622 Ἰσρα
1392 1543 1444 1613 αὴλ
1468 1545 1496 1601 ἐκ
1519 1565 1614 1610 παντος

937 1633 1060 1741 nouom&
1082 1653 1193 1737 ποιηρας
1208 1630 1267 1696 τοὺς
1283 1632 1398 1707 πατέρας
1416 1630 1532 1690 ἐκλεκτ
1494 1653 1552 1697 ους
1569 1635 1613 1690 καὶ

938 1719 1050 1796 ἁγιοίσας
1079 1717 1181 1786 αὐτούς·
1212 1722 1262 1780 26.
1284 1719 1422 1796 πρόςδεξαι
1446 1718 1494 1790 τὴν
1523 1720 1613 1779 θυσίαν

938 1807 1004 1887 ὑπὲρ
1023 1807 1120 1873 παντὸς
1142 1832 1187 1865 του
1210 1811 1276 1866 λαου
1296 1831 1342 1867 σου
1362 1807 1472 1887 Ἰσραὴλ
1490 1810 1535 1867 καί
1555 1810 1612 1868 δια-

941 1895 1054 1975 ρόλαξον
1087 1895 1135 1965 τὴν
1170 1895 1264 1976 μερίδα
1293 1921 1338 1956 σου
1367 1899 1413 1957 καί
1439 1899 1610 1976 καθαγίασον.

939 1988 987 2045 27.
1022 1984 1221 2062 Ἐπισυντίγαγε
1259 1984 1307 2056 τὴν
1345 1988 1539 2066 διασπορδνί
1536 2012 1610 2064 ,μων

940 2074 1029 2132 ἐλευθέ
1018 2096 1114 2151 ρωσον
1133 2074 1192 2140 τοὺς
1211 2076 1410 2141 δουλεύοντας
1400 2099 1424 2132 εν
1444 2079 1497 2141 τοῖς
1517 2075 1611 2146 ε’θνεσι,

939 2162 997 2228 τοὺς
1025 2160 1238 2236 ἐξουθενημένους
1267 2162 1313 2221 καί
1341 2164 1540 2256 βδελυκτοθς
1526 2167 1610 2235 sutis,

937 2251 982 2309 καί
997 2250 1140 2328 γνώτωσαν
1153 2250 1187 2310 cl
1202 2251 1262 2322 ἔθνη
1277 2251 1357 2311 ὅτι
1332 2276 1363 2312 συ
1379 2275 1401 2310 ει
1393 2257 1429 2310 δ
1443 2254 1510 2320 θεος
1524 2257 1610 2331 ἡμων.

938 2343 988 2400 28.
1012 2340 1161 2399 Βασοίνισον
1183 2339 1241 2407 τοὺς
1264 2343 1540 2408 καταδυναστεόοντας
1568 2343 1612 2400 καὶ

938 2428 1014 2507 ἐξυόρ
1018 2431 1149 2496 ίζοντας’
1137 2453 1163 2488 εν
1181 2429 1357 2538 υπερηρανία.
1373 2434 1422 2492 29.
1439 2431 1611 2510 Καταρθτευ
1630 2491 1633 2494 ,

938 2541 982 2576 σον
997 2519 1041 2577 τόν
1054 2519 1118 2576 λαόν
1138 2541 1184 2576 σου
1199 2519 1272 2585 είς
1248 2541 1292 2577 τον
1307 2519 1386 2579 τόπον
1401 2543 1445 2578 τον
1460 2519 1534 2597 ἅγιόν
1555 2543 1611 2593 σου,

938 2608 1024 2672 καθως
1039 2597 1096 2664 εἶπε
1113 2610 1240 2678 Μωυσῆς.

978 2698 1027 2754 36
1045 2696 1127 2788 Οἱ
1104 2719 1130 2753 οε
1154 2700 1176 2755 ίε
1181 2704 1231 2776 ερῑς
1250 2696 1397 2777 ἐπέψαλλον
1421 2697 1479 2766 τοὺς
1506 2698 1611 2777 θμνους.

979 2876 1027 2932 31.
1044 2871 1116 2932 Καθ
1090 2878 1138 2939 θοις
1157 2871 1183 2931 δί
1203 2858 1324 2947 οίνηλωθη
1339 2875 1420 2932 τὰ
1389 2899 1434 2947 της
1452 2881 1553 2954 Θυσίας,
1569 2877 1613 2935 καὶ

938 2961 967 3019 τὸ
992 2963 1207 3039 περιλειπόμενον
1231 2962 1300 3040 ὕδωρ
1319 2968 1333 3023 ὁ
1353 2965 1469 3038 Νεεμίας
1493 2967 1612 3025 ἐκέλευσε

939 3048 1023 3113 λίθους
1047 3051 1166 3125 μείζονας
1188 3060 1326 3130 καταχεῖν.
1345 3055 1394 3112 32
1413 3052 1462 3160 Ως
1485 3055 1512 3112 δὲ
1536 3079 1613 3114 τουτο

941 3136 1033 3214 ἐγενόθ
1035 3163 1064 3215 η,
1081 3139 1143 3218 ρλοξ
1167 3140 1281 3220 ἀνήρθη·
1288 3164 1342 3200 του
1326 3142 1413 3199 δὲ’
1399 3166 1451 3202 απο
1463 3166 1509 3201 του
1492 3148 1612 3202 ”duacu-

942 3248 1011 3304 στηρ
1014 3228 1054 3284 ίου
1084 3229 1296 3309 αντιλοίμψαντος
1334 3231 1418 3309 φωτὸς
1447 3232 1612 3306 ἐδαπανήθη.

940 3317 989 3374 33.
1006 3315 1056 3382 Ως
1075 3315 1102 3375 δὲ
1123 3340 1232 3397 ραιερον
1252 3317 1406 3396 ἐγενηθη
1382 3343 1411 3378 το
1433 3330 1556 3426 πραγμα,
1569 3346 1613 3381 και

939 3404 1065 3481 διηγγέλη
1093 3409 1131 3463 τῶ
1161 3408 1265 3484 βασιλεῖ
1292 3411 1343 3466 τῶν
1375 3412 1485 3488 Περσων
1511 3411 1550 3470 ότι
1579 3413 1614 3476 εἰς

939 3490 983 3549 τὸν
994 3495 1074 3552 τόπον
1086 3499 1115 3551 ου
1128 3517 1158 3552 το
1170 3502 1222 3574 πῦρ
1235 3495 1391 3611 ἀπέκρυψαν
1404 3433 1430 3558 σί
1440 3522 1515 3574 μετα
1509 3505 1542 3578 t
1545 3498 1614 3566 ε’ντες

938 3583 1052 3659 ἱερεῖς
1029 3606 1060 3640 το
1074 3582 1128 3641 llo
1132 3520 1284 3664 ρέροίρνη,’
1270 3588 1348 3665 αφό
1334 3580 1364 3645 oi
1383 3587 1428 3646 καί
1447 3592 1471 3647 οἱ
1490 3588 1551 3668 περί
1569 3590 1612 3648 τὸν

939 3670 1055 3747 Νεεμίαν
1067 3671 1177 3748 ίγνιοαν
1190 3673 1270 3730 sd
1238 3697 1284 3745 της
1298 3676 1400 3747 θυσίας,
1415 3679 1463 3736 3¹1.
1481 3679 1611 3757 περιρρά-

937 3757 981 3824 ξας
996 3759 1023 3819 δὲ
1037 3762 1051 3817 θ
1067 3761 1214 3838 βασιλεθς’
1208 3761 1275 3841 ιερὸν
1294 3765 1402 3837 ἐποίησε
1417 3767 1604 3841 δοκιμάσας
1581 3791 1611 3826 το

937 3855 1060 3924 πρᾶγμα.
1080 3852 1130 3910 35.
1153 3842 1258 3910 Καί
1230 3872 1269 3919 οις
1292 3854 1427 3961 ἐχαρίζετο
1450 3857 1464 3911 δ
1487 3856 1610 3933 βασιλευς

936 3936 1023 3995 πολλὰ
1038 3939 1150 4018 διοίρορα
1166 3941 1300 4018 ε’λοίμὸανε
1315 3966 1361 4001 και
1375 3943 1520 4020 μετεδίδου.

973 4473 1021 4529 36.
1042 4473 1065 4529 Ι]
1070 4471 1177 4551 ροςηγόρ
1180 4495 1259 4530 ευσαν
1274 4473 1302 4532 δὲ
1316 4479 1339 4533 οἱ
1354 4499 1403 4554 περ
1405 4477 1413 4534 ί
1429 4500 1471 4535 τον
1489 4479 1605 4554 Νεεμίαν

275 4570 360 4619 locunt
392 4574 547 4636 Nepltlltar,
580 4573 648 4635 qnod
688 4573 883 4635 interpretatur
929 4582 1006 4618 τουτο
1031 4559 1104 4637 Nisi
1107 4560 1184 4639 apl
1207 4500 1405 4642 διερμηνεύεταρι
1430 4572 1497 4625 καθα
1483 4568 1603 4647 αρισμός·

273 4662 440 4724 purificatio.
463 4662 574 4711 Vocatur
592 4674 680 4711 aurem
700 4662 772 4727 apud
789 4660 905 4815 plures¹
929 4648 1090 4707 illelmi&
1079 4672 1142 4709 ἐπα
1145 4673 1245 4730 ατοῑς
1258 4655 1306 4712 πο
1304 4655 1365 4721 οις
1379 4658 1451 4736 Nep
1454 4680 1505 4716 αει

273 4747 368 4810 Neptu.
