3625 5367
706 347 734 404 1.
759 362 847 405 utun.
872 346 1010 415 atu-ta.
1486 354 1523 410 97

238 500 323 561 Dum
346 492 475 560 milites
497 487 602 560 tudae
626 493 765 579 agmine
786 493 935 559 formato
959 491 1241 582 progrediuntur,
1265 495 1367 562 etiam
1389 519 1410 562 a
1432 497 1524 585 Syris

195 623 273 670 mox
294 599 553 689 conspiciuntur
574 621 607 666 ν.
635 606 693 682 123
716 599 773 666 isti
797 622 814 665 e
836 598 957 666 eastris
976 599 1019 665 ad
1044 600 1273 688 pugnandum
1298 602 1525 689 egrediuntur

192 730 225 776 v.
244 713 286 774 13
301 712 335 774 et
351 707 463 773 statim
484 706 645 792 clangore
661 705 822 772 tubarum
843 704 975 772 ludaeis
994 705 1131 792 signum
1153 707 1255 773 datur
1274 708 1317 774 ad
1337 709 1470 776 fortiter
1488 710 1524 776 in

194 815 312 882 hostes
330 811 608 902 irrumpendum.
623 817 738 902 Neque
761 811 881 878 fefellit
899 834 957 878 eos
978 833 1054 900 spes
1074 818 1105 879 et
1121 812 1248 880 fiducia
1267 813 1306 880 in
1324 819 1392 881 lleo
1413 817 1524 905 posita

194 943 225 986 v.
247 925 301 1001 ta,
322 921 437 986 hostes
457 917 582 985 devicti
601 919 686 1007 tuga
704 940 739 985 se
760 917 1005 1008 proripuerunt
1025 919 1059 984 in
1081 919 1258 1006 regionem
1279 929 1520 1010 campestrem3

193 1027 319 1094 aeriter
330 1048 388 1092 eos
400 1025 632 1115 insequuntur
651 1023 766 1092 ludaei
781 1026 942 1106 victores;
965 1026 1023 1113 qui
1037 1024 1073 1090 in
1091 1030 1242 1091 extremo
1254 1030 1394 1112 agmine
1413 1028 1525 1096 ultimi

193 1133 351 1220 fugiunt,
378 1153 465 1221 quos
489 1132 607 1220 itaque
640 1131 757 1199 ludaei
781 1131 1000 1220 insequentes
1025 1130 1196 1218 attingere
1226 1139 1384 1220 possunt,
1410 1155 1525 1201 earnes

193 1239 388 1306 ceciderunt
409 1238 447 1305 ia
470 1237 590 1328 plodio
614 1261 646 1304 v.
676 1245 733 1317 153
766 1237 917 1326 reliquos
944 1243 1202 1328 persequuntur
1222 1239 1393 1326 fugientes
1418 1263 1524 1330 usque

196 1344 379 1412 Gezeroai.
395 1368 425 1413 e.
441 1349 557 1428 Gezer,
570 1366 659 1432 quae
672 1343 754 1410 urbs
767 1346 866 1429 regia
877 1343 961 1410 olim
972 1349 1046 1410 erat
1056 1343 1114 1432 (ef.
1130 1350 1194 1410 los.
1212 1351 1329 1429 10,33;
1344 1353 1445 1430 tnta
1458 1352 1521 1415 ete.

192 1475 213 1518 a
235 1452 416 1520 Salomone
440 1451 599 1519 restituta
622 1455 641 1516 3
666 1455 750 1536 Reg.
781 1455 861 1532 9‚15
885 1449 981 1538 ete),
1009 1449 1111 1516 hodie
1138 1449 1207 1517 Tell
1231 1452 1407 1536 Dsehezer,
1433 1453 1525 1521 iuter

191 1557 438 1648 septentriones
452 1561 486 1624 et
500 1577 655 1624 oceasum
671 1556 715 1622 ab
731 1560 911 1622 Emmaum
926 1555 1106 1646 (Amwas);
1126 1555 1186 1622 alii
1205 1556 1343 1644 fugiunt
1361 1581 1468 1648 usque
1488 1559 1524 1625 in

192 1687 329 1754 campos
345 1663 542 1749 Idumaeae,
557 1663 607 1729 ita
621 1683 744 1728 omnes
757 1667 858 1728 testes
872 1668 1011 1751 praeter
1025 1668 1052 1727 Α
1069 1662 1260 1751 (Iudaeae);
1278 1686 1396 1731 verum
1411 1667 1523 1732 inere-

192 1769 299 1838 dibite
320 1770 457 1837 videtur
475 1791 533 1836 eos
553 1769 718 1858 usquein
737 1789 878 1857 campos
895 1767 1079 1834 Idumaeae
1096 1767 1241 1854 fugisse3
1261 1791 1373 1858 neque
1392 1769 1525 1864 ostendi

191 1883 301 1968 potest
314 1875 578 1943 meridionalem
591 1879 724 1964 partem
740 1873 889 1941 Iudaeae
904 1882 1056 1963 unquam
1071 1896 1112 1940 eo
1126 1873 1266 1941 nomine
1280 1897 1351 1942 esse
1366 1874 1524 1963 designa·

192 1993 274 2053 tam.
291 1983 361 2051 Etsi
375 1982 466 2050 enim
483 2005 525 2050 ea
537 1981 575 2048 in
587 1981 728 2070 regione
744 1981 898 2048 Idumaei
913 1979 1113 2047 incolebant
1129 1979 1249 2070 (5‚65),
1265 1987 1380 2049 tamen
1393 2005 1459 2050 non
1475 1990 1525 2051 est

191 2089 358 2158 credibile
374 2087 511 2176 regioni
529 2088 629 2154 illam
647 2086 917 2177 appellationem
937 2108 1008 2154 esse
1028 2086 1186 2154 inditam.
1204 2091 1334 2175 Fugam
1354 2089 1524 2180 arripiunt

191 2196 308 2287 itaque
318 2198 356 2263 in
367 2194 546 2287 planitiem
558 2194 716 2276 Iudaeae,
731 2193 791 2260 alii
802 2192 1015 2260 occidentem
1027 2214 1146 2261 versus
1160 2199 1252 2262 reeta
1264 2194 1321 2260 via
1332 2197 1524 2284 pergebant

191 2302 236 2369 ad
256 2302 438 2384 lumniam,
460 2300 520 2368 alii
540 2322 657 2368 versus
678 2305 822 2367 Azotum
838 2301 930 2378 inter
950 2321 1107 2366 oceasum
1127 2307 1161 2366 et
1180 2298 1360 2367 meridiem
1380 2301 1425 2368 ab
1445 2306 1523 2368 Em-

192 2430 321 2476 maum.
344 2414 381 2474 ln
396 2407 471 2497 ipsa
491 2428 611 2497 pugna
628 2413 662 2472 et
677 2406 712 2472 in
733 2407 970 2496 perseeutione
990 2405 1197 2492 fugientium
1218 2406 1309 2474 eirea
1331 2407 1396 2474 tria
1415 2407 1522 2476 millia

191 2515 401 2583 eeeiderunt.
424 2519 475 2580 lta
498 2512 617 2580 ludaei
638 2512 818 2589 uictoriam
840 2515 1071 2601 reportarunt
1084 2533 1173 2600 quae
1194 2534 1276 2580 sane
1299 2534 1429 2580 meroes
1450 2519 1524 2581 erat

190 2621 330 2689 illorum
345 2621 381 2688 in
394 2625 500 2687 Deum
514 2618 608 2686 fidei.
624 2622 723 2685 Notat
738 2617 897 2686 {tabanus
915 2638 923 2684 :
941 2643 956 2676 u
974 2616 1060 2683 sieut
1076 2617 1167 2683 enim
1182 2618 1248 2683 tria
1263 2617 1372 2692 millia
1384 2618 1524 2685 fuerunt

191 2728 362 2794 sociorum
379 2725 481 2793 tudae
493 2725 554 2815 qui
568 2724 877 2814 persequebantur,
888 2723 938 2790 sie
953 2727 987 2789 et
1001 2722 1199 2790 oeciderunt
1211 2745 1252 2790 ex
1262 2723 1414 2792 hostium
1425 2731 1522 2814 parte

190 2833 257 2902 tria
271 2832 379 2901 millia
399 2856 432 2914 »3
455 2854 568 2898 nonne
583 2831 703 2898 mirari
718 2830 856 2897 videtur
870 2851 1054 2897 numerum
1068 2829 1171 2919 plane
1187 2830 1390 2919 aequalem?

576 3077 604 3133 6.
619 3071 712 3132 Faela
725 3073 767 3131 eet
779 3071 862 3130 aalas
875 3088 983 3148 maana
998 3074 1135 3145 alo-25.

228 3264 301 3330 uto.
319 3264 353 3313 El
368 3276 490 3313 reuersus
505 3269 543 3312 est
560 3262 641 3312 iudas
656 3269 680 3311 et
695 3262 796 3311 exerci-
881 3257 964 3327 biti.
986 3254 1043 3315 Kal
1058 3257 1217 3337 ἐπέστρεψεν
1230 3253 1333 3322 Ἰούδας
1351 3257 1396 3315 καὶ
1412 3261 1429 3328 ἡ
1445 3258 1523 3318 δύνα-

192 3364 233 3403 ιντ
254 3355 312 3402 eius
331 3365 442 3414 sequens
461 3337 536 3410 euru}
561 3351 603 3401 17.
618 3351 739 3412 dixitque
762 3349 796 3398 ad
842 3366 887 3419 μις
901 3343 956 3401 ἀπὸ
974 3349 1020 3401 τοῦ
1042 3343 1148 3403 διώκειν
1164 3343 1273 3402 ὄπισθεν
1289 3345 1386 3418 αὐτῶν,
1405 3347 1453 3404 17.
1476 3351 1522 3406 καὶ

188 3442 320 3508 populum
349 3455 357 3489 :
386 3454 443 3489 aaa
471 3439 666 3503 concupiscatis
694 3437 794 3503 spolia,
842 3423 900 3490 εἶτα
926 3430 989 3510 πρὸς
1018 3430 1063 3489 τὸν
1095 3431 1171 3491 λαόν·
1200 3429 1239 3508 μὴ
1266 3430 1447 3509 tantoniam
1470 3439 1521 3492 τῶν
1559 3489 1562 3494 .

190 3533 256 3594 qaia
273 3529 608 3586 bellumeonlraaorest;
627 3527 669 3577 18.
686 3533 711 3574 et
731 3528 796 3574 Gor·
842 3520 959 3593 οκύλων,
984 3519 1024 3578 δτι
1046 3519 1162 3597 πόλεμος
1184 3519 1332 3587 ἐξεναντίας
1358 3525 1444 3597 ἡμῶν·
1471 3525 1519 3584 18.

190 3622 251 3683 pius
280 3624 305 3668 et
333 3618 463 3667 exereitus
493 3618 553 3667 eius
581 3630 664 3680 prope
690 3629 739 3664 uos
766 3615 798 3662 ia
843 3609 888 3668 καὶ
906 3610 1018 3689 Γοργίας
1037 3607 1118 3681 καὶὴ
1140 3607 1251 3684 δύναμις
1272 3611 1299 3668 δν
1319 3614 1358 3689 τῷ
1377 3609 1433 3690 ὄρει
1448 3609 1523 3688 ἐγγὺς

191 3713 296 3766 moute;
315 3707 361 3756 sed
380 3712 448 3755 state
462 3719 534 3755 uuae
559 3713 653 3754 eontra
672 3703 797 3752 inimicos
843 3701 931 3774 ἡμῶν·
954 3697 1024 3754 ἀλλὰ
1045 3701 1125 3769 στῆτε
1144 3703 1189 3757 νῦν
1210 3695 1325 3782 ἐναντίον
1345 3701 1397 3756 τῶν
1420 3702 1521 3778 ἐχθρῶν

190 3803 297 3846 nostros
309 3801 333 3844 el
348 3800 551 3858 expugnatorem
566 3800 589 3843 ei
604 3793 713 3842 rametis
723 3798 798 3856 port·
844 3790 919 3860 ἡμῶν
934 3788 981 3845 καὶ
995 3784 1166 3862 πολεμήσατε
1186 3783 1338 3850 αὐτοὺσκαὶ
1353 3785 1421 3862 μετὰ
1437 3791 1522 3846 ταῦτα

190 3899 223 3935 ea
241 3883 331 3949 spolia
348 3884 444 3933 sectari.
465 3883 506 3933 19.
522 3883 554 3931 Et
572 3882 659 3932 adbuc
675 3880 796 3943 loquente
843 3874 940 3934 λαἰὅετε
962 3874 996 3933 τὰ
1013 3877 1098 3934 σκῦλα
1114 3873 1183 3949 μετὰ
1203 3873 1365 3954 παρρησίας.
1388 3876 1436 3936 19.
1458 3873 1522 3936 Ἔτι

191 3975 261 4024 iuda
276 3974 349 4029 haee,
364 3985 418 4020 eece
434 3973 564 4035 apparuit
580 3985 646 4035 pars
666 3970 797 4032 quaedam
842 3965 984 4029 λαλοῦντος
999 3963 1085 4024 Ἰούδα
1100 3969 1183 4022 ταῦτα
1198 3959 1272 4044 ὤφθη
1289 3962 1368 4043 μίρος
1379 3987 1404 4021 τι
1419 3963 1522 4023 ἐκκύπ-

190 4061 359 4127 prospiaiens
374 4061 517 4109 demente.
535 4060 577 4109 20.
595 4060 627 4108 Et
647 4060 716 4108 vidit
731 4059 797 4107 (λιτ-
844 4074 887 4111 τον
902 4055 932 4112 ἐκ
945 4058 990 4110 τοῦ
1000 4049 1086 4132 ὄρους.
1103 4055 1153 4114 20.
1168 4052 1223 4112 Kal
1238 4041 1304 4111 εἶδεν
1319 4053 1359 4112 ὅτι
1373 4053 1522 4133 τετρόπων-

191 4151 252 4214 piat
274 4149 343 4213 qaod
366 4149 399 4198 ia
417 4146 510 4212 sugam
533 4149 653 4198 converri
672 4152 735 4196 suat
754 4147 797 4195 sai
843 4165 887 4199 ται
906 4140 953 4200 καί
977 4139 1150 4220 δμπιιρίζουσι
1164 4143 1213 4212 τὴν
1232 4140 1448 4220 παρεμὸολὴν,δ
1473 4143 1522 4221 γδρ

192 4246 216 4288 ct
229 4237 421 4289 succenderunt
438 4243 542 4295 castrat
558 4237 647 4300 sumat
662 4236 733 4285 mim
751 4236 797 4297 qui
844 4229 942 4296 καπνδς
971 4234 984 4288 ὁ
999 4230 1177 4310 διαιρούμενος
1202 4231 1334 4310 δνεφοίνιζε
1354 4232 1383 4290 τὸ
1406 4231 1519 4310 γεγονός.

192 4328 335 4379 videbatur
354 4324 511 4375 declarabat
536 4325 606 4388 quad
630 4325 795 4388 factumest.
844 4321 893 4379 21.
918 4321 953 4380 Οί
988 4318 1016 4378 δὲ
1049 4325 1133 4378 ταῦτα
1163 4320 1309 4387 συνιδόντες
1342 4320 1521 4391 ἰδειλώθησαν

194 4417 237 4467 rt.
264 4414 365 4474 Quibus
394 4412 441 4463 illi
472 4415 617 4477 compactis
652 4414 797 4461 timuerunt
845 4408 956 4490 σρόδρα·
982 4407 1128 4474 συνιδόντες
1150 4408 1177 4466 δὲ
1195 4407 1241 4466 καὶ
1253 4407 1300 4478 τὴν
1316 4407 1404 4468 Ἰούδα
1419 4429 1522 4486 παρεμ-

194 4505 271 4554 ualde
300 4503 461 4567 aspicientes
491 4500 573 4550 simul
601 4507 625 4550 et
652 4501 747 4549 hidam
775 4507 798 4549 et
845 4495 926 4568 ὅολὴν
952 4498 978 4554 ἰν
1000 4499 1039 4576 τῷ
1059 4495 1142 4574 πεδίῳ
1168 4498 1276 4572 ἑτοίμην
1303 4497 1338 4559 εἰς
1360 4495 1521 4577 παράταξιν,

195 4593 338 4643 exercitum
355 4592 387 4640 ia
404 4605 496 4655 eampo
515 4597 643 4655 paratum
666 4591 700 4638 aa
719 4602 798 4652 proe-
845 4589 893 4645 ⁹2⁶2,
913 4587 1005 4663 ἔρυγον
1019 4583 1115 4652 πάντες
1128 4586 1164 4651 εἷς
1174 4589 1223 4662 γῆν
1236 4583 1400 4664 ἀλλοφύλων,

196 4683 275 4742 liura,·
292 4680 336 4731 ii.
353 4687 376 4729 et
391 4678 518 4744 iuuerunt
531 4693 619 4729 omnes
634 4679 664 4726 ia
679 4692 799 4742 εαιιιριιιιι

196 4774 421 4835 alienigenarum.

658 4873 842 4910 antummum
859 4873 885 4910 m
901 4873 979 4913 utcu.
995 4889 1026 4897 -
1043 4863 1056 4910 7
