3625 5367
756 359 784 416 ι.
807 374 900 419 asco,
924 321 1009 431 ocu
1487 363 1545 420 ιιι

213 521 248 582 et
266 516 516 602 coutra‘paries
530 510 665 600 piorum
682 531 763 577 cum
777 507 961 576 sustineret
980 513 1013 574 et
1028 507 1239 576 detenderet.
1256 513 1301 576 lio
1322 509 1430 595 igitur
1453 531 1547 578 mor-

113 649 120 658 ·
212 630 273 689 tuo
297 618 486 687 Bacchides
512 639 551 684 eo
571 616 685 702 magis
710 613 755 682 ad
783 636 902 703 regem
931 616 1056 682 reverti
1079 621 1215 704 poterat
1237 616 1319 705 quia
1344 615 1491 684 castellis
1515 623 1549 685 et

214 725 394 818 praesidiis
411 725 494 792 satis
514 724 694 810 regionem
713 721 893 790 subactam
913 722 1052 788 leuabat
1072 727 1193 788 contra
1209 722 1341 789 debiles
1361 722 1390 789 si
1408 723 1469 812 qui
1487 723 1549 789 fic-

215 841 292 901 reui
305 838 449 900 conatus
464 829 626 897 louathae
642 852 675 894 v.
688 835 741 896 57.
756 833 795 894 ut
805 827 975 917 requievit
988 834 1080 894 terra
1096 829 1194 916 aunis
1208 829 1345 897 duobus
1357 851 1404 880 ·-
1419 830 1483 897 hac
1494 853 1550 896 re·

215 940 296 1032 quie
312 937 489 1006 indicetur
502 937 578 1027 pios
593 959 614 1003 a
627 934 863 1003 vexationibus
887 934 989 1000 fuisse
1008 933 1152 1016 libercs;
1172 957 1316 1002 cessasse
1327 935 1445 1026 itaque
1457 936 1546 1003 illud

216 1046 308 1136 quod
321 1068 354 1114 v.
370 1051 411 1113 51
431 1043 562 1111 dictum
577 1046 637 1110 est.
655 1042 772 1112 llerito
786 1040 824 1106 in
844 1040 907 1106 ista
931 1041 1046 1129 quiete
1061 1041 1212 1109 cernitur
1227 1041 1365 1109 effectus
1379 1042 1547 1109 societatis

214 1175 292 1221 cum
310 1151 473 1221 Romanis
492 1149 600 1216 initae
615 1154 648 1216 ei
670 1146 826 1215 mandati
840 1147 884 1214 ab
898 1146 947 1213 eis
967 1147 1133 1214 Demetrio
1148 1148 1224 1233 regi
1239 1148 1331 1214 missi
1353 1149 1456 1238 (631.
1474 1149 1542 1236 32').

546 1405 576 1466 4.
597 1399 754 1476 Apostutae
777 1397 884 1456 bellum
903 1397 1064 1457 (trcmduut
1084 1401 1215 1471 apa-m.
1304 1365 1306 1372 Ι

251 1602 325 1662 9‚58·
347 1601 381 1649 Bi
404 1601 590 1662 1096111111νηί
616 1610 705 1646 01111111
728 1597 822 1659 intuiti
907 1594 991 1665 968.
1010 1593 1064 1652 Καὶ
1083 1591 1275 1652 ἐ6ουλειίσαντο
1294 1591 1389 1660 πάντες
1407 1595 1432 1652 cl
1452 1593 1547 1671 σίνομοι

216 1693 332 1740 diceutes
351 1703 360 1738 .·
381 1702 435 1739 ecce
455 1688 585 1738 louatlrus
606 1694 631 1736 et
652 1686 774 1748 quicum
793 1699 823 1733 eo
867 1678 997 1758 λέγοντες·
1012 1681 1067 1740 tiit
1085 1681 1210 1742 Ἰωνοίθοιν
1229 1682 1275 1742 καί
1294 1684 1318 1740 οἱ
1337 1683 1400 1760 παρ’
1420 1684 1501 1740 αὐτοῦ
1520 1686 1546 1742 ἐν

216 1786 288 1840 suut,
309 1780 341 1827 ιἰι
363 1778 473 1827 silentio
496 1777 623 1826 hubitcur
645 1773 822 1838 confidentem
868 1768 968 1848 ἡσυχίη
983 1775 1135 1830 κατοικοῦσι
1150 1771 1312 1837 πεποιθότες·
1327 1775 1371 1828 νῦν
1385 1759 1430 1830 oda
1451 1769 1547 1848 ἄξομεν

215 1882 287 1919 uuuc
297 1881 359 1931 erpo
374 1867 538 1916 adducemus
551 1864 708 1914 Bacchidem
723 1870 747 1912 et
759 1876 824 1912 eom·
868 1858 912 1916 τὸν
934 1858 1072 1938 Βακχίδην
1092 1860 1138 1918 καὶ
1157 1859 1324 1940 συλλήψεται
1340 1858 1433 1927 αὐτοὺς
1447 1859 1549 1928 πάντας

216 1956 362 2022 prehendet
377 1969 420 2005 eos
434 1967 523 2005 omues
542 1967 599 2002 uuo
616 1960 701 2003 nocte.
725 1952 769 2003 59.
790 1951 822 2000 Ei
868 1947 895 2004 ἐν
908 1947 983 2005 νυκτί
993 1956 1052 2028 μιᾷ.
1064 1950 1114 2008 69.
1129 1946 1184 2008 Καὶ
1198 1947 1368 2027 πορευθέντες
1380 1945 1550 2010 mattathi-

217 2047 342 2096 obierum
357 2053 382 2094 et
393 2043 536 2093 eonsilium
546 2044 570 2091 ei
580 2042 719 2092 dederuut.
734 2039 779 2092 66.
790 2041 823 2090 lit
869 2058 949 2094 σαντο
969 2035 1052 2113 αὐτῷ.
1069 2038 1118 2100 66.
1133 2035 1189 2097 Καὶ
1208 2037 1295 2110 ἀπῆρε
1314 2041 1359 2094 τοῦ
1379 2039 1462 2096 ἐλθεῖν
1481 2039 1549 2112 μετὰ

217 2135 334 2184 surrexit
348 2142 378 2184 ut
398 2133 502 2182 ueniret
516 2145 574 2181 cum
593 2132 709 2182 exercitu
723 2129 823 2187 multo‚·
869 2126 1005 2202 δυνάμεως
1027 2126 1129 2196 πολλῆς
1152 2123 1198 2184 καί
1223 2126 1378 2184 ἀπέστειλεν
1407 2125 1549 2192 ἐπιστολὰς

217 2231 242 2272 et
264 2223 339 2273 misit
371 2221 469 2306 occulte
500 2220 629 2286 epistolas
657 2221 737 2269 sociis
767 2220 824 2268 suis
868 2214 954 2291 λάθρα
974 2222 1040 2272 πᾶσι
1059 2217 1112 2281 τοῖς
1130 2213 1283 2294 συμμάχοις
1300 2215 1378 2273 αὐτοῦ
1397 2222 1450 2281 τοῖς
1470 2218 1548 2296 ξητῇ

220 2313 267 2375 qui
296 2319 374 2363 eruut
402 2312 434 2360 iu
461 2311 573 2370 ludceu,
589 2316 619 2358 ut
652 2309 823 2373 compreheu·
869 2301 988 2383 Ἰουδαίᾳ
1012 2303 1082 2370 ὅπως
1105 2301 1260 2364 annaeum
1282 2303 1326 2362 τὸν
1351 2302 1478 2363 Ἰωνάθην
1502 2303 1548 2363 καὶ

219 2403 309 2452 dereut
338 2400 473 2451 louothcu
507 2404 532 2448 et
565 2411 607 2448 eos
636 2398 683 2460 qui
711 2410 770 2447 cum
795 2410 827 2445 eo
870 2391 929 2458 τοὺς
941 2393 1000 2468 μετ’
1012 2393 1102 2451 αὐτοῦ·
1110 2391 1156 2452 καί
1168 2393 1215 2451 οθκ
1227 2387 1366 2464 ἠδύναίτο,
1376 2389 1417 2450 ὅτι
1429 2389 1547 2469 ἐγνώσθη

219 2496 311 2550 eruut,·
325 2491 370 2539 sed
390 2503 447 2539 uon
471 2493 627 2552 potueruut,
653 2488 719 2550 quie
742 2487 824 2535 imw-
870 2482 959 2546 αὐτοῖς
980 2485 998 2552 ἡ
1026 2479 1107 2558 βουλὴ
1134 2483 1232 2558 αὐτῶν,
1257 2483 1305 2540 61.
1323 2479 1376 2540 Καὶ
1403 2480 1547 2540 συνίλαὸον

220 2581 273 2629 tuit
295 2580 334 2628 eis
357 2577 499 2629 consilium
525 2590 626 2626 eorum.
652 2575 695 2625 61.
718 2575 752 2623 Bt
774 2589 824 2638 cp·
870 2569 924 2628 ἀπὸ
943 2573 996 2628 τῶν
1016 2570 1118 2646 ἀνδρῶν
1133 2572 1180 2639 τῆς
1192 2568 1282 2647 χώρας
1295 2570 1347 2626 τῶν
1361 2572 1487 2647 ἀρχηγῶν
1501 2573 1549 2639 τῆς

220 2668 361 2733 prehendit
372 2668 402 2717 de
418 2667 485 2717 uiris
497 2666 616 2728 repiouis
631 2665 678 2726 qui
687 2665 825 2728 principes
870 2659 966 2724 κακίας
980 2659 1016 2725 είς
1029 2657 1194 2729 πεντήκοντα
1213 2655 1310 2737 ἄνδρας
1328 2662 1373 2714 καί
1391 2656 1547 2718 ἀπέκτειναν

221 2764 299 2808 eruut
321 2756 445 2806 malitiae
475 2755 679 2818 quinquaqinta
702 2754 777 2802 ciros
799 2757 825 2799 ei
871 2746 976 2813 αὐτούς.
998 2748 1047 2807 62.
1068 2745 1121 2806 Kal
1151 2743 1315 2825 ἐξεχώρησεν
1346 2743 1472 2807 Ἰωνοίθαν
1503 2746 1549 2804 καὶ

222 2847 317 2896 1111111
340 2859 398 2904 111;
412 2845 455 2896 61.
481 2851 506 2893 11
528 2843 633 2894 11111111
658 2842 826 2892 1111111111
871 2833 966 2910 Σίμων
983 2836 1030 2894 καὶ
1047 2837 1071 2894 oi
1091 2837 1149 2911 μετ’
1167 2835 1247 2896 αὐτοῦ
1261 2839 1298 2901 εις
1312 2833 1444 2894 Βιιοὸασὶ
1458 2833 1506 2905 τὴν
1522 2837 1549 2893 ἐν

222 2937 315 2985 Simon
328 2940 353 2984 et
375 2934 423 2997 qui
441 2947 499 2984 cum
514 2947 543 2983 eo
558 2936 636 2983 eruat
652 2931 683 2981 iu
697 2929 825 2979 Beihbes-
870 2929 904 3004 τῇ
933 2922 1025 3004 ἐρήμῳ
1055 2925 1101 2984 καί
1128 2923 1284 3005 ᾠκοδόμησε
1312 2921 1346 2983 sd
1375 2921 1547 3004 καθηρημίνα

223 3038 279 3085 seu,
298 3037 365 3086 quoe
389 3029 428 3072 est
453 3023 484 3071 iu
505 3022 616 3081 deserto,
645 3027 670 3070 et
694 3019 825 3069 exstruxit
871 3015 954 3084 αὐτῆς
966 3013 1013 3072 καὶ
1027 3011 1190 3092 ἐστερίωσαν
1204 3012 1296 3085 αὐτήν.

223 3113 315 3163 diruto
327 3114 384 3162 eius
399 3119 423 3160 et
437 3113 612 3176 firmauerunt
627 3123 694 3159 eum.

259 3201 303 3252 63.
323 3201 356 3251 Bt
379 3201 502 3264 capuccit
521 3200 664 3248 Bacchides
680 3204 704 3247 et
722 3211 827 3260 conpre-
912 3185 961 3242 63.
987 3181 1042 3242 Καὶ
1056 3183 1124 3258 ἔγνω
1140 3181 1275 3260 Βακχίδης
1289 3183 1334 3239 καί
1350 3181 1482 3260 συνήγαγε
1495 3191 1549 3240 πᾶν

224 3291 298 3354 pouit
317 3290 471 3340 uuiversum
486 3288 688 3342 multitudinem
706 3299 783 3334 suum
801 3291 826 3334 et
870 3271 901 3329 τὸ
909 3272 1007 3342 πλῆθος
1015 3271 1094 3328 αὐτοῦ
1103 3270 1149 3328 καί
1156 3271 1299 3339 τοῐςίκτῆς
1307 3269 1546 3348 Ἰουδαίαςιταρήγ-

224 3381 266 3430 his
290 3379 337 3441 qui
358 3380 390 3427 de
411 3379 512 3428 iudaea
537 3383 616 3426 eruut
639 3373 825 3432 deuuutiuoit,·
871 3361 953 3436 γειλε.
968 3361 1017 3418 64.
1038 3357 1083 3417 καὶ
1102 3356 1185 3417 ἐλθὼν
1197 3355 1379 3436 παρενέὸαλεν
1397 3355 1441 3414 ἐπὶ
1463 3359 1546 3418 Βαιθ-

224 3469 268 3519 64.
293 3475 318 3517 et
345 3469 418 3518 seuit
436 3473 461 3516 et
479 3473 570 3516 castro
595 3463 686 3530 posuit
715 3463 827 3526 desuper
872 3446 938 3505 ieet
958 3447 1003 3506 καὶ
1027 3446 1191 3522 ἐπολέμησεν
1216 3445 1300 3515 αὐτὴν
1321 3443 1424 3526 ἡμέρας
1445 3443 1546 3510 mlii<

225 3557 383 3607 Bethbesseu
419 3562 443 3604 et
478 3554 646 3619 oppupuaoit
678 3565 737 3601 eum
769 3551 826 3598 dies
871 3536 917 3594 καὶ
945 3534 1053 3607 ἐποίησε
1083 3535 1217 3614 μηχανάς.
1248 3537 1296 3594 66.
1333 3534 1385 3594 llul
1417 3533 1546 3594 ἀπέλιπεν

224 3645 320 3695 multos
343 3651 367 3695 et
391 3645 453 3709 fecit
478 3645 628 3693 rrtachiuos.
648 3641 691 3691 65.
712 3641 743 3689 Bt
759 3637 827 3688 reli·
872 3624 999 3685 Ἰωνοίθαν
1022 3624 1132 3699 Σίμωνα
1154 3623 1199 3682 τθν
1221 3623 1332 3704 ἀδελφὸν
1356 3624 1436 3681 αὐτοῦ
1460 3625 1487 3682 ἐν
1512 3627 1545 3700 τῇ

225 3736 283 3797 quit
309 3735 439 3783 louuthus
462 3734 597 3784 Simonem
617 3731 730 3795 fratrem
750 3716 827 3777 suum
872 3713 948 3773 πόλει
962 3712 1008 3772 καί
1018 3712 1123 3784 ἐξῆλθεν
1136 3713 1172 3779 εἰς
1184 3711 1233 3782 τὴν
1247 3709 1338 3791 χώραν
1358 3711 1403 3768 καί
1420 3701 1497 3782 ἦλθεν
1519 3712 1546 3768 ἐν

225 3823 374 3874 iuciuiicte
396 3823 502 3872 etesiit
520 3823 740 3884 inrepiouemei
755 3819 828 3867 veuit
873 3805 990 3882 ἀριθμῷ·
1018 3804 1069 3862 66.
1102 3801 1148 3860 καί
1179 3799 1308 3868 ἐπάταξεν
1334 3799 1474 3877 Ὀδομηρθι
1500 3799 1547 3858 καί

226 3925 284 3962 eum
303 3925 432 3970 ειιιιειετο;
453 3909 497 3961 66.
522 3917 546 3958 et
569 3910 701 3974 percussit
722 3908 829 3956 Odorem
873 3891 933 3958 τοὺς
948 3891 1073 3971 ἀδελφοὺς
1090 3891 1170 3950 αὐτοῦ
1189 3889 1234 3948 καὶ
1253 3888 1312 3955 τοὺς
1329 3889 1399 3954 υἱοὺς
1417 3886 1547 3969 unelpho

226 4008 250 4050 et
265 4000 364 4064 {scires
376 4002 434 4050 eius
455 4007 480 4049 et
501 3999 573 4064 tilios
588 3999 726 4048 Phcserou
743 3998 775 4046 iu
790 4002 828 4044 ta·
875 3983 902 4040 ἐν
920 3984 959 4060 τῷ
974 3979 1130 4056 σκηνώματι
1142 3981 1228 4040 αὐτῶν
1242 3977 1289 4038 καὶ
1300 3975 1427 4058 ἐξήρξατσ
1441 3977 1548 4036 τύπτειν

228 4089 379 4141 θετααιιιίίε
412 4092 531 4155 ipsorum
559 4096 583 4136 et
611 4088 695 4152 coepit
723 4085 830 4136 caedere
875 4069 921 4128 καὶ
950 4067 1100 4128 οὶναὸαίνειν
1129 4071 1155 4129 ἐν
1178 4078 1235 4135 ταῖς
1261 4065 1397 4143 δυνάμεσι.
1423 4069 1472 4126 67.
1497 4067 1552 4127 Καὶ

227 4186 251 4229 et
282 4192 396 4230 crescere
430 4181 460 4228 iu
488 4178 644 4228 virtutibus.
679 4175 722 4226 67.
739 4175 831 4224 Simon
877 4158 970 4237 Σίμων
994 4159 1040 4216 καί
1065 4159 1089 4217 οἱ
1118 4159 1176 4234 μετ’
1204 4159 1284 4217 αὐτοῦ
1313 4157 1419 4228 ἐξῆλθον
1447 4157 1477 4214 ἐκ
1503 4160 1553 4229 τῆς

227 4283 288 4319 reso
302 4275 327 4319 et
348 4268 396 4332 qui
418 4281 476 4318 cum
493 4267 552 4331 ipso
570 4272 648 4315 eruut
663 4265 786 4314 exierunt
801 4263 831 4310 de
876 4247 977 4314 πόλεως
994 4246 1038 4306 καὶ
1057 4246 1215 4326 ἐνεπύρισαν
1230 4247 1278 4336 τὰρ
1293 4241 1427 4325 μηχανοίσ·
1439 4247 1490 4306 68.
1506 4243 1553 4302 καί

228 4359 336 4408 ciuitate
380 4364 405 4406 et
447 4356 637 4420 succenderunt
677 4354 831 4409 muchiuus;
878 4335 1047 4414 ἐπολέμησαν
1073 4337 1139 4417 πρὸς
1163 4335 1207 4394 τὀν
1232 4334 1369 4413 Βακχίδην
1399 4333 1445 4391 καί
1472 4354 1551 4391 συνι-

229 4445 272 4496 68.
298 4453 322 4496 et
343 4452 535 4512 pupuuoeruut
560 4450 654 4493 contro
677 4441 833 4491 Bacchidem
877 4425 956 4504 τρί6η
977 4428 1022 4485 ὑπ’
1043 4427 1129 4484 αὐτῶν
1154 4425 1200 4484 καί
1218 4422 1322 4483 ίθλιθον
1345 4422 1424 4480 αὐτὸν
1443 4419 1554 4499 σφόδρα,

229 4542 253 4584 et
276 4537 409 4585 contritus
436 4541 474 4584 est
503 4533 536 4583 uh
558 4533 596 4582 eis
625 4539 650 4580 et
676 4529 833 4595 afflixerunt
878 4515 920 4576 δτι
940 4506 972 4587 ἧν
993 4521 1013 4587 ἠ
1039 4513 1122 4594 βουλὴ
1144 4515 1224 4572 αὐτοῦ
1250 4512 1297 4570 καὶ
1322 4515 1338 4581 ἡ
1360 4507 1450 4590 ἔφοδος
1476 4510 1554 4567 αὐτοῦ

229 4637 287 4673 eum
305 4624 396 4686 ualde,
420 4625 549 4688 quoniam
572 4620 715 4670 consilium
733 4619 791 4668 eius
810 4625 834 4666 et
879 4603 952 4676 κενή.
976 4605 1026 4665 69.
1056 4603 1110 4664 Καὶ
1132 4600 1250 4682 ὠργίσθη
1275 4603 1350 4677 θυμῷ
1369 4603 1423 4666 τοῖς
1442 4595 1555 4677 ἀνδράσι

230 4726 385 4778 :cupressus
403 4716 533 4763 eluserat
549 4711 658 4768 iconis;
674 4708 717 4759 69.
735 4713 759 4756 et
778 4708 833 4756 irc·
880 4695 933 4761 τοῖς
952 4693 1059 4771 ἀνόμοις
1070 4693 1124 4758 τοῖς
1140 4687 1371 4768 συμὸοολειίσασιν
1385 4688 1458 4767 αὐτῷ
1473 4687 1557 4746 ἐλθεῖν

231 4809 273 4853 tus
293 4811 388 4854 contre
414 4805 487 4876 ciros
510 4801 618 4863 iniquos
635 4800 683 4862 qui
702 4798 727 4848 ei
746 4796 834 4846 cousi·
882 4784 918 4849 είς
946 4782 995 4854 τὴν
1027 4781 1130 4862 χώραν,
1158 4780 1204 4841 καὶ
1230 4777 1384 4838 ἀπέκτεινεν
1411 4774 1437 4845 tt
1469 4776 1556 4836 αὐτῶν
