3625 5367
788 348 815 405 i.
840 364 931 408 uren.
956 349 1097 420 att-20.
1554 359 1610 418 127

271 510 357 558 ditum
371 513 395 557 et
411 508 514 570 viciati
534 506 626 556 mittio
645 508 764 570 equitum
782 515 807 558 et
827 507 881 559 ete·
929 499 1018 567 λιὸιδες
1037 502 1089 558 τῶν
1110 502 1195 568 πεζῶν
1215 500 1261 559 καὶ
1283 501 1366 562 εἴκοσι
1384 505 1502 583 χιλιάδες
1520 505 1609 567 ἵππων

267 597 367 662 picenti
401 582 521 659 tiiptntc
554 596 615 656 duc,
642 597 713 646 docti
738 597 773 646 od
799 611 879 663 pror·
928 587 973 644 καὶ
994 587 1132 668 ἐλέφαντες
1152 589 1197 648 δύο
1219 589 1266 648 καὶ
1284 592 1426 669 τριάκοντα
1445 595 1540 663 εἰδότες
1563 597 1610 656 πό-

269 685 345 735 tium.
926 679 1015 753 λεμον.

311 827 394 889 Cum
420 824 519 890 iudas
541 845 600 889 eos
618 831 840 912 oppugnaret
854 827 913 912 qui
930 849 970 892 ex
992 849 1071 894 arce
1089 826 1261 895 molestias
1281 832 1412 920 populo
1426 835 1607 918 creabant,

267 930 376 1018 aliqui
391 930 509 997 iudaei
527 935 843 1019 apostataeregem
864 931 1029 999 adeuntes
1051 935 1327 1003 accusationibus
1346 940 1414 1006 suis
1438 941 1606 1022 efficiunt,

269 1043 307 1103 ut
320 1057 449 1122 magna
461 1035 631 1126 quaedam
648 1035 822 1126 expeditio
838 1043 959 1105 contra
974 1038 1118 1106 ludaeos
1130 1048 1280 1129 paretur.

311 1143 437 1231 Lysias,
456 1144 579 1210 nuntio
602 1143 646 1208 de
670 1148 778 1209 morte
802 1144 961 1211 Antiochi
983 1153 1134 1236 accepto,
1149 1146 1259 1214 filium
1284 1149 1367 1232 eius,
1393 1152 1489 1218 cuius
1515 1159 1609 1222 tutor

268 1255 484 1336 erat,regem
502 1249 678 1335 constituit
697 1272 728 1316 v.
751 1256 808 1332 i'i;
827 1250 887 1317 sed
901 1273 980 1317 cum
999 1252 1028 1318 is
1053 1253 1170 1320 adhuc
1185 1260 1273 1321 esset
1297 1256 1396 1323 vaide
1418 1258 1551 1327 iuvenis
1564 1302 1606 1312 -

269 1364 403 1436 ἑνναετὲς
427 1363 554 1440 παιδίον,
570 1359 657 1445 App.
676 1359 749 1444 Syr.
773 1360 827 1424 to.
848 1363 950 1423 66-
967 1380 1090 1426 novem
1113 1381 1222 1427 annos
1245 1367 1345 1429 natus
1369 1363 1606 1454 (quattuorde-

268 1463 347 1545 cim,
364 1485 404 1531 ex
419 1463 539 1529 chron.
555 1484 642 1529 arm.
660 1462 823 1552 Eusebii),
841 1469 937 1554 patet
951 1465 1062 1555 ipsum
1079 1466 1211 1554 Lysiam
1223 1489 1348 1552 ‚revera
1362 1473 1461 1556 regni
1477 1474 1605 1560 guber-

267 1568 391 1638 nacula
408 1568 572 1636 tenuisse.
589 1568 656 1636 Sed
671 1573 708 1635 ut
727 1591 846 1656 regem
861 1569 960 1636 ilium
977 1571 1094 1660 palam
1110 1572 1311 1656 declararet,
1324 1598 1452 1643 nomen
1469 1579 1500 1645 ei
1515 1581 1605 1647 indi-

267 1675 319 1742 dit
335 1677 510 1764 liupaton
528 1683 717 1764 προςέθηκαν
739 1683 831 1759 ὄνομα
848 1678 999 1764 Εὐπάτωρ
1019 1687 1044 1745 oi
1065 1681 1158 1766 Σύροι
1171 1681 1216 1747 διὰ
1232 1689 1283 1764 τὴν
1299 1698 1350 1750 τοῦ
1369 1696 1480 1772 πατρὸς
1494 1689 1603 1773 ἀρετήν

267 1781 369 1871 (App.
389 1787 464 1868 Syr.
482 1781 553 1869 to).
568 1786 711 1849 Senatus
730 1803 868 1870 qnoque
880 1805 1043 1850 romanus
1057 1785 1175 1851 statuit
1195 1785 1366 1874 (neglecta
1379 1791 1603 1877 postulatione

265 1887 437 1969 Demetrii,
453 1887 585 1954 Seleuci
594 1887 668 1968 iiiii,
680 1893 718 1955 ut
729 1886 796 1954 sibi
811 1910 961 1975 regnum
972 1891 1222 1980 restitueretur)
1234 1914 1382 1980 regnum
1393 1897 1603 1966 firmandum

264 2017 335 2062 esse
358 1993 431 2061 lilio
451 2016 555 2083 quem
577 1993 767 2062 Antiochus
789 1995 1003 2083 reliquisset;
1019 1998 1118 2064 cuius
1142 1998 1278 2066 consilii
1294 2023 1346 2083 ea,
1368 2003 1406 2068 ni
1427 2004 1540 2088 fallor,
1556 2009 1604 2074 ait

264 2100 437 2189 Polybius,
450 2122 552 2168 causa
566 2100 633 2167 luit
648 2101 743 2190 quod
763 2102 883 2168 liorem
899 2102 1020 2170 aetatis
1041 2105 1202 2172 Demetrii
1224 2111 1362 2174 senatus
1377 2109 1530 2178 habebat
1548 2136 1602 2180 su-

264 2213 433 2297 spectum,
455 2205 834 2297 conducibiiioremqne
854 2208 959 2274 rebus
978 2207 1050 2276 suis
1068 2216 1213 2278 aetatem
1234 2213 1407 2280 infirmam
1432 2215 1525 2284 iilius
1542 2221 1601 2308 qui

265 2313 406 2382 relictus
418 2318 493 2380 erat
507 2333 683 2380 successor
702 2312 879 2380 iudicabat
891 2314 1025 2404 (Polyb.
1044 2322 1195 2400 31,12,7.
1210 2327 1295 2408 App.
1311 2323 1383 2408 Syr.
1404 2321 1472 2410 to).
1490 2327 1601 2414 Atque

264 2420 353 2487 hanc
369 2424 517 2487 aetatem
532 2440 655 2486 novem
666 2419 769 2486 inisse
785 2441 956 2488 annorum
977 2423 1224 2512 comprobatur
1244 2447 1283 2491 ex
1305 2430 1475 2518 Excerptis
1490 2454 1529 2498 ex
1545 2433 1598 2498 hi-

264 2526 369 2593 storia
384 2525 522 2592 iliodori
543 2525 601 2592 sic.
625 2548 660 2592 n.
681 2530 750 2591 iiiii
771 2526 862 2614 (vide
886 2533 1004 2592 notam
1024 2527 1070 2593 ad
1093 2528 1129 2595 h.
1146 2528 1169 2596 i.
1188 2529 1280 2618 apud
1303 2533 1441 2616 Mttller,
1460 2541 1595 2624 Fragm.
1703 2561 1704 2564 ¹

264 2653 376 2720 graec.
393 2632 472 2699 hist.
492 2636 519 2698 il
534 2655 567 2721 p.
587 2632 683 2719 iiiii).

305 2745 392 2806 ilum
406 2738 595 2806 Antiochus
611 2742 803 2804 versaretur
814 2737 851 2804 in
866 2737 1067 2824 regionibus
1081 2741 1315 2829 superioribus
1332 2744 1378 2834 (v.
1399 2747 1431 2837 1)
1449 2755 1482 2815 ct
1497 2750 1599 2820 indas

259 2846 388 2913 beilum
400 2846 541 2911 inferret
559 2843 728 2912 idumaeis
752 2849 785 2910 et
806 2843 1025 2912 Philisthaeis
1042 2847 1147 2936 (5,u5.
1171 2848 1239 2938 68),
1254 2852 1290 2944 in
1306 2850 1382 2942 ipsa
1402 2856 1487 2923 urbe
1507 2861 1597 2926 ieru-

259 2953 365 3020 salem
380 2950 554 3019 israelitae
570 2950 673 3017 variis
693 2949 930 3019 vexationibus
949 2960 1048 3020 crant
1070 2955 1225 3044 expositi.
1252 2962 1330 3024 Erat
1351 2961 1443 3028 enim
1464 2965 1500 3031 in
1519 2987 1595 3034 arce

257 3059 471 3150 praesidinm
495 3057 619 3124 hostile
638 3057 760 3147 (1,36),
781 3064 814 3124 et
834 3067 859 3125 ot
879 3068 915 3126 ἐκ
942 3078 997 3144 τῆς
1025 3068 1120 3149 ἄκρας
1142 3062 1166 3127 i.
1184 3085 1215 3129 e.
1234 3064 1362 3134 milites
1375 3070 1595 3157 praesidiarii

258 3171 330 3250 ἦσαν
350 3172 558 3254 συγκλείοντες
583 3163 837 3253 opprimebant,
855 3165 1027 3231 vexabant
1047 3168 1215 3234 israelitas
1233 3169 1270 3235 in
1289 3171 1435 3241 circuitu
1456 3179 1590 3268 templi,

257 3270 587 3359 circumtemplum,
604 3291 667 3358 per
682 3269 851 3335 ambitum
872 3271 1010 3359 templi;
1028 3271 1080 3336 uti
1101 3275 1265 3361 Iosephus
1282 3276 1365 3344 dicit
1382 3299 1389 3345 :
1407 3303 1463 3346 eos
1483 3285 1590 3371 quiin

259 3380 426 3468 templum
440 3374 662 3443 sacrificaturi
682 3374 914 3441 ascendebant
933 3375 1045 3443 subito
1060 3379 1325 3469 prorumpentes
1344 3383 1592 3458 interemerunt

260 3486 434 3574 (διέφθειραν
447 3507 454 3566 ;
467 3480 613 3548 nimium
627 3480 743 3569 dicit);
758 3502 839 3546 nam
853 3481 984 3570 templo
1000 3505 1059 3548 arx
1075 3483 1280 3553 imminebat
1296 3488 1424 3582 (Antiq.
1440 3497 1588 3586 12,9‚3);

257 3590 521 3683 staliiigebant
545 3588 659 3654 israel.
681 3592 722 3654 Et
735 3587 790 3653 illi
813 3587 939 3655 milites
966 3589 1179 3677 praesidiarii
1201 3601 1299 3660 erant
1316 3599 1418 3665 etiam
1441 3614 1589 3690 στήριγμα

257 3714 319 3778 τοϊς
344 3707 455 3766 ἔθνεσιν
472 3697 730 3784 firmamentum
749 3694 924 3782 penatum
940 3717 999 3760 arx
1020 3697 1111 3762 enim
1131 3698 1292 3766 omnibus
1309 3703 1464 3771 hostibus
1485 3711 1587 3776 israel

256 3804 407 3872 subsidio
429 3807 503 3868 erat
526 3809 560 3868 et
581 3803 735 3889 receptui
757 3806 840 3867 tuto.
859 3805 943 3867 Cum
967 3803 1083 3890 itaque
1101 3801 1153 3869 illi
1178 3804 1373 3874 habitantes
1394 3810 1429 3877 in
1444 3835 1521 3881 arco
1539 3816 1585 3904 (Sl

255 3914 418 3978 continuo
433 3907 603 3975 molestias
618 3912 786 3988 crearent,
808 3906 909 3973 iudas
924 3910 1041 3975 statuit
1059 3909 1243 4000 (ἐλογίσατο)
1258 3911 1325 3982 talc
1341 3930 1585 3990 nocumentum

254 4019 389 4085 auterre
414 4038 448 4082 v.
477 4021 535 4097 193
554 4034 661 4102 quare
686 4013 926 4102 totinspopuli
954 4015 1155 4083 concionem
1178 4023 1389 4106 convocarit,
1407 4027 1587 4098 utobsidio

252 4125 341 4191 arcis
365 4123 619 4189 decerneretur.
639 4123 729 4196 Quae
750 4119 884 4186 obsidio
904 4120 1043 4210 incepta
1071 4128 1124 4190 est
1143 4146 1235 4192 anno
1260 4133 1322 4195 150
1344 4153 1414 4200 aer.
1433 4136 1493 4205 sel.
1511 4138 1584 4214 i.,e.

256 4235 318 4297 163
341 4252 371 4296 a.
391 4229 485 4310 Chr.;
503 4239 535 4294 et
545 4230 709 4316 fecerunt
724 4226 864 4293 balistas
883 4234 1074 4310 βελεστάσεις
1099 4230 1244 4323 (erectae)
1273 4237 1423 4308 tabulata
1449 4265 1509 4311 seu
1533 4269 1587 4312 ea-

254 4342 356 4404 tastas
370 4335 415 4401 ad
433 4333 635 4400 collocanda
658 4339 840 4411 tormenta,
856 4333 1010 4416 balistae,
1028 4338 1231 4426 catapultas,
1251 4353 1283 4406 et
1303 4347 1482 4414 machinas
1501 4351 1587 4418 alias

254 4442 396 4510 bellicas
410 4442 455 4508 ad
477 4439 775 4530 oppugnationem
800 4447 907 4529 aptas.
927 4442 1090 4529 Iosephus
1114 4443 1231 4511 scribit
1248 4454 1296 4514 καὶ
1317 4452 1442 4537 χώματα
1468 4461 1585 4546 ἐγείρας

255 4571 399 4637 aggeres
419 4545 594 4623 excitavit3
608 4543 744 4612 videtur
757 4545 855 4632 sequi
873 4551 953 4612 iixli
968 4550 1021 4615 En.
1040 4554 1140 4628 17,17
1157 4557 1191 4615 et
1205 4557 1318 4633 2127.
1338 4556 1397 4621 ubi
1417 4559 1512 4627 hebr.
1533 4577 1586 4654 pix

256 4656 414 4723 redditur
428 4659 619 4737 βελὸστασις;
638 4655 678 4718 S:
698 4657 819 4717 turres

301 4767 387 4830 ilaec
410 4763 501 4829 iusta
520 4759 725 4826 ludaeorum
743 4758 911 4840 delensi0,
927 4781 985 4826 seu
1009 4755 1123 4850 potius
1147 4762 1209 4831 iste
1233 4773 1373 4837 conatus
1390 4772 1587 4865 depellendi
