3625 5367
694 374 723 430 l.
746 387 838 432 liacu-
864 371 1024 444 lbet-ll.
1100 430 1102 434 ,
1465 379 1523 436 257

234 518 393 599 Quamvis
422 525 507 587 Dora
539 520 686 586 navibus
714 542 852 610 quoque
886 543 908 588 a
938 523 1026 588 mari
1056 525 1143 590 esset
1170 521 1318 603 inclusa,
1348 524 1523 613 Tryphoni

187 635 307 696 tamen
339 626 484 713 contigit
511 625 592 696 navi
622 627 792 714 aufugere
820 627 858 694 in
877 626 1107 710 -Orthosiada;
1137 634 1212 695 erat
1241 629 1417 697 Orthosias
1441 632 1524 698 urbs

187 733 410 813 Phoenicum,
446 732 725 822 septemtrionem
756 755 873 802 versus
901 757 922 800 a
956 734 1102 824 Tripoli,
1134 735 1189 800 cui
1222 735 1439 825 propinquus
1477 745 1526 806 est

187 840 315 908 fluvius
337 839 539 906 Eleutheros
560 837 695 927 (Strabo
723 845 860 922 16,753,
885 841 931 908 al.
955 841 1075 930 1093);
1099 840 1219 907 ruinae
1242 842 1314 908 eius
1337 850 1526 913 cernuntur

187 949 225 1015 in
244 947 316 1014 Ard
337 946 479 1012 Arthusi
497 947 609 1035 spatio
633 947 736 1012 trium
756 946 919 1014 horarum
938 969 960 1014 a
982 946 1123 1036 Tripoli.
1150 949 1290 1033 Legitur
1309 948 1344 1014 iu
1369 951 1527 1018 Characis

189 1053 416 1140 fragmentis:
434 1053 598 1142 Tryphon
614 1053 651 1118 in
669 1057 757 1119 Doro
778 1054 991 1140 Coelcsyriae
1012 1054 1098 1120 urbe
1118 1053 1162 1120 ab
1184 1053 1351 1121 Antiocho
1371 1057 1527 1125 obsessus

190 1161 230 1228 in
249 1157 497 1226 Ptolemaidem
516 1180 606 1247 quae
627 1163 693 1224 Ace
716 1159 827 1247 (Ἄκη)
848 1165 990 1225 vocatur
1015 1160 1172 1246 confugit
1200 1160 1350 1247 t'Mttller,
1374 1162 1462 1249 frag.
1485 1167 1526 1229 Ill

194 1290 229 1356 p.
252 1271 333 1344 6hb3
362 1266 487 1351 fragm.
512 1264 581 1353 to).
603 1264 798 1331 Secundum
824 1265 1007 1354 losephum
1040 1288 1079 1332 ex
1114 1271 1199 1332 Dora
1223 1268 1312 1352 fugit
1338 1273 1526 1357 Apameam

195 1373 289 1462 (Ant.
311 1370 452 1459 13,7,2).
474 1370 570 1437 Hisce
588 1371 655 1437 iter
671 1370 743 1438 eius
760 1370 968 1438 describitur
985 1391 993 1438 :
1010 1393 1050 1437 ex
1070 1376 1157 1438 hora
1172 1371 1429 1454 Ptolemaidem,
1446 1375 1526 1442 inde

193 1477 407 1558 orthosiada,
424 1477 505 1544 inde
525 1483 725 1566 Apameam,
741 1478 779 1542 in
796 1500 866 1567 qua
886 1477 972 1544 urbe
987 1479 1150 1567 Tryphon
1166 1478 1250 1545 olim
1269 1478 1435 1547 educatus
1454 1489 1527 1549 erat

194 1585 332 1676 (Strabo
344 1589 483 1665 16,7523
497 1583 542 1651 al.
558 1583 669 1672 1092).
685 1584 866 1674 Tryphone
877 1590 994 1652 autem
1007 1607 1069 1674 per
1081 1584 1201 1671 fugam
1213 1585 1330 1675 elapso
1340 1588 1526 1656 Antiochus

191 1699 227 1760 et
239 1692 456 1780 Tryphonem
466 1691 608 1758 ulterius
620 1691 781 1780 persequi
795 1691 913 1757 statuit
926 1697 960 1757 et
972 1691 1077 1758 simul
1089 1690 1223 1757 bellum
1235 1691 1363 1759 inierre
1377 1693 1521 1762 ludaeis.

191 1799 290 1865 Prius
312 1798 385 1887 ipse
407 1819 470 1886 per
492 1819 528 1864 se
546 1795 693 1884 'aggredi
712 1798 831 1865 voluit.
855 1799 1010 1863 Alterum
1031 1798 1288 1864 commendavit
1308 1799 1523 1882 Cendebae0,

191 1926 296 1994 quem
314 1903 491 1975 constituit
505 1908 721 1991 ἐπιστράτηγιν
736 1902 784 1992 (ιι,
800 1907 840 1985 A,
857 1903 959 1970 multi
974 1901 1133 1992 miuusc),
1150 1903 1211 1993 qui
1228 1905 1300 1970 scil.
1316 1917 1357 1993 τῷ
1371 1919 1526 1995 στρατηγῷ

190 2017 363 2100 cpe-,cippo
384 2010 521 2076 additus
543 2016 578 2075 et
597 2009 770 2076 subiectus
791 2019 844 2076 est
862 2010 921 2099 (cf.
951 2010 1102 2075 T'llach.
1131 2009 1258 2098 10,11),
1285 2030 1339 2095 τῆς
1361 2023 1523 2101 παραλίας,

192 2118 345 2205 regionis
355 2115 567 2196 maritimae;
581 2121 615 2183 et
626 2113 754 2183 additis
765 2116 872 2205 copiis
885 2118 985 2183 iussit
1000 2137 1079 2184 eum
1092 2115 1346 2205 expeditionem
1356 2122 1527 2209 suscipere

190 2229 312 2292 contra
329 2223 504 2304 Iudaeam,
519 2228 554 2288 et
567 2223 706 2289 firmam
718 2221 785 2288 sibi
799 2221 1005 2290 constituere
1022 2222 1247 2288 munitionem
1264 2245 1303 2289 ac
1315 2226 1526 2311 praesidium

192 2333 232 2397 in
251 2329 393 2409 Gedore,
422 2330 564 2415 limpor,
591 2327 791 2409 aedificare,
821 2329 845 2393 i.
872 2351 903 2394 c.
930 2326 1109 2410 roborare,
1135 2327 1259 2394 urbem
1288 2329 1527 2398 aedificatione

192 2436 340 2503 reddere
358 2435 559 2516 firmiorem,
576 2439 608 2500 et
623 2443 773 2522 ὀχυρῶσαι
792 2435 846 2514 τὰς
862 2443 961 2513 πόλις
984 2435 1120 2500 munire
1139 2440 1266 2522 portae,
1288 2434 1461 2504 obstruere
1480 2439 1528 2505 ita

192 2544 312 2609 firmas
344 2541 541 2622 occludere,
570 2545 608 2606 ut
639 2541 754 2607 hostes
783 2541 1000 2629 perfringere
1034 2561 1073 2605 ac
1110 2541 1145 2605 iu
1182 2541 1305 2607 urbem
1342 2547 1526 2632 penetrare

192 2655 378 2739 nequeant.
396 2653 521 2715 Graece
540 2647 669 2732 legitur
683 2649 822 2733 Κεδρὼν,
843 2647 935 2731 vulg.
955 2645 1120 2712 Gedorem
1137 2667 1169 2711 v.
1188 2652 1243 2714 39.
1262 2653 1321 2729 ἱιθς
1343 2649 1526 2717 sedetiam

195 2761 273 2837 loo
303 2754 504 2822 cedronem.
530 2753 619 2819 Situs
647 2755 721 2819 eius
749 2752 948 2820 declaratur
971 2775 1004 2818 v.
1036 2760 1090 2820 tu.
1122 2758 1212 2836 top.
1239 2760 1322 2820 8-10
1351 2755 1527 2824 mentione

190 2864 283 2929 sacta
302 2862 464 2942 lemniae,
483 2859 649 2948 planitiei,
672 2859 792 2940 llodin,
814 2858 929 2940 Azoti;
950 2859 992 2926 cl.
1017 2863 1081 2927 los.
1104 2864 1204 2940 15,3o
1225 2859 1262 2926 in
1277 2863 1528 2952 campestribus

191 2968 321 3035 Gedera
335 2967 385 3054 (in
399 2970 518 3033 Onom.
535 2966 675 3046 Gedros,
690 2965 795 3032 hodie
812 2965 982 3048 Ghedera,
1002 2965 1113 3055 spatio
1127 2966 1230 3034 unius
1241 2965 1348 3035 horae
1361 2992 1382 3035 a
1397 2972 1527 3039 lamnia

189 3075 283 3141 iuter
297 3072 478 3140 meridiem
496 3078 529 3139 et
544 3077 657 3140 ortum
672 3071 754 3139 solis
768 3078 941 3161 spectans,
960 3073 1003 3138 cl.
1022 3075 1063 3139 K.
1080 3072 1310 3161 probabiliter
1323 3079 1424 3143 Katra
1439 3078 1523 3166 Kc).

190 3185 260 3247 Rex
279 3183 350 3269 ipse
371 3181 637 3269 persequebatur
657 3178 891 3268 Tryphonem·
909 3183 1027 3245 narrat
1049 3180 1212 3266 losephus
1236 3202 1315 3247 eum
1337 3187 1527 3270 Apameam

192 3287 333 3373 fugisse,
360 3294 409 3354 καὶ
432 3293 554 3373 ληφθεὶς
584 3296 614 3353 ἐν
649 3290 722 3374 αὐτῇ
747 3302 783 3373 τῇ
810 3294 969 3375 πολιορκίᾳ
1001 3289 1152 3370 διεφθάρη,
1184 3291 1362 3366 βασιλεύσας
1387 3297 1437 3369 ’ἐτη
1460 3298 1527 3375 τρία

191 3393 285 3481 (Aut.
311 3393 457 3480 13,7,2);
483 3391 603 3458 Strabo
625 3397 739 3458 autem
764 3389 882 3456 scribit
908 3411 916 3457 :
942 3394 977 3455 et
998 3388 1091 3454 hunc
1112 3387 1253 3477 quidem
1280 3391 1523 3483 (Tryphonem)

192 3501 383 3568 Antiochus
406 3499 568 3566 Demetrii
590 3497 682 3563 filius
705 3496 856 3585 quodam
882 3495 919 3561 in
947 3492 1086 3561 castello
1109 3495 1280 3562 inclusum
1307 3497 1351 3563 ad
1378 3507 1525 3567 mortem

193 3606 263 3678 sibl
285 3605 563 3672 consciscendam
590 3604 707 3690 adegit
722 3602 885 3691 (ἠνάγκασε
911 3607 1117 3688 διεργάσασθαι
1138 3613 1172 3669 rb
1194 3612 1290 3684 σῶμα,
1317 3610 1452 3689 thoos,
1479 3609 1522 3674 al.

192 3712 287 3801 98¹4).
308 3718 347 3778 Et
366 3712 539 3799 Appianus
555 3711 640 3776 haec
660 3709 764 3775 hahet
782 3729 790 3774 :
811 3706 1011 3785 Antiochus,
1030 3706 1156 3796 captivi
1176 3709 1336 3774 Demetrii
1355 3712 1473 3793 irater,
1490 3715 1526 3779 in

191 3818 342 3908 patriam
363 3838 521 3883 reversus
540 3816 763 3905 Tryphonem
783 3836 910 3901 magno
928 3813 1048 3879 labore
1064 3813 1190 3880 victum
1211 3815 1383 3904 interfecit
1404 3819 1527 3906 (κτεῖναι

192 3934 244 3994 σὺν
260 3931 340 4012 πόνῳ
355 3931 474 4010 πολλῷ,
492 3927 567 4009 Syr.
585 3922 653 4011 68).

235 4030 458 4098 Cendebacus
471 4028 508 4094 in
521 4027 685 4095 lumniam
700 4025 906 4117 progressus
921 4025 1061 4114 plebem
1076 4026 1248 4094 iudaicam
1264 4051 1384 4099 vexare
1400 4036 1524 4124 coepit,

187 4136 402 4226 irruptiones
421 4133 552 4202 faciens
570 4134 607 4201 in
626 4133 800 4212 ludaeam,
818 4131 958 4222 capiens
977 4139 1011 4198 et
1032 4132 1242 4201 interficiens
1262 4135 1392 4206 incolas
1411 4163 1443 4206 v.
1467 4147 1525 4218 t03

188 4243 295 4311 simul
313 4241 464 4308 munivit
482 4241 662 4320 Gedorem,
681 4243 819 4328 Κεδρὼν,
837 4239 955 4328 ibique
975 4239 1089 4329 posuit
1103 4239 1234 4329 pedites
1252 4251 1285 4309 et
1306 4246 1449 4334 equites,
1468 4249 1528 4335 qui

191 4349 275 4418 inde
297 4348 428 4434 egressi
447 4353 720 4438 pervagarentur
738 4348 810 4412 vias
832 4351 866 4412 et
885 4345 1045 4431 regiones
1065 4346 1210 4413 Iudaeae
1233 4370 1266 4416 v,
1290 4353 1345 4417 tl.
1367 4356 1412 4417 [te
1435 4351 1527 4420 hisce

195 4455 453 4522 excursionibus
488 4459 521 4522 et
553 4452 830 4520 infestationibus
859 4451 979 4542 populi
1010 4456 1169 4535 loannes,
1204 4452 1271 4518 dux
1300 4455 1459 4524 militaris
1491 4458 1529 4525 in

197 4561 333 4628 Gazaris
347 4561 417 4650 (13,
430 4561 501 4650 et),
514 4560 687 4627 Simonem
703 4558 882 4626 certiorem
898 4556 1050 4623 reddidit
1066 4563 1141 4638 1o,1
1157 4559 1329 4645 proiectus
1342 4561 1378 4628 in
1390 4563 1525 4634 urbem.

197 4669 317 4734 Simon
339 4668 409 4734 iam
432 4667 649 4754 grandaevus
677 4663 813 4731 duobus
834 4662 932 4743 filiis,
964 4662 1067 4728 ludae
1096 4667 1130 4728 et
1154 4665 1285 4747 loanni,
1312 4673 1350 4734 ut
1375 4691 1528 4758 pugnam

198 4781 319 4841 contra
343 4772 580 4841 cendebaeum
603 4773 824 4861 susciperent,
848 4769 1026 4836 mandavit
1048 4791 1080 4834 v.
1105 4775 1136 4835 2.
1162 4775 1194 4838 3.
1221 4774 1292 4847 Quo
1309 4772 1474 4844 libentius
1495 4780 1531 4846 id

648 4898 836 4939 incursurum
853 4897 881 4936 nr
896 4897 974 4935 ulcu.
992 4911 1022 4922 -
1041 4887 1069 4936 17
