3625 5367
241 306 301 364 154
750 303 779 360 t.
804 315 896 360 nucu.
920 289 1060 370 8'‚15-16.

241 452 369 541 Pauly,
392 451 612 537 Realencykl.
643 458 756 540 6,1p.
782 456 864 532 9963
889 448 1024 534 Beclrer,
1051 449 1184 518 Handb.
1211 447 1243 515 d.
1269 460 1357 514 rom.
1377 447 1496 514 Altert.
1517 452 1571 528 21

240 583 275 649 p.
294 558 389 648 3t1);
407 578 592 643 numerum
612 563 675 624 300
696 556 870 647 (non'320‘,
888 558 939 623 uti
952 577 1004 644 gr.
1022 554 1118 644 vulg)
1136 555 1232 622 effert
1245 576 1261 622 s
1274 576 1422 644 quoque.
1440 553 1573 620 Delibe-

239 665 363 732 rabant
374 669 490 732 autem
503 685 640 753 semper
656 664 699 731 de
715 662 905 753 populoreo
923 670 1077 748 εὖνοσμεῐν
1094 669 1200 742 αὐτούς
1225 666 1261 728 ut
1273 683 1331 728 eos
1345 661 1433 728 bene
1449 660 1574 746 dirige·

241 777 328 854 rent,
343 772 430 838 bene
446 771 698 858 gubernarent3
718 776 872 854 εὐκοσμεῖν
893 774 944 837 est
963 773 1042 852 ἅπαξ
1061 777 1245 857 tertarum
1263 775 1404 852 εδκσσμία
1419 768 1462 834 de
1483 767 1575 834 bona

240 878 450 968 reipublicae
465 877 707 944 constitutione
721 877 848 943 dicitur
859 877 952 966 apud
967 877 1179 944 Aristotelem
1196 874 1414 962 (Polit.t,15;
1430 875 1488 942 Gr.
1502 873 1572 961 tt).

240 990 261 1051 S
279 991 326 1050 :et
341 983 583 1051 deliberabant
600 983 773 1074 quomodo
791 991 950 1052 curarent
965 988 999 1050 et
1017 983 1255 1072 gubernarent
1269 981 1453 1072 populum,
1471 1003 1486 1047 s
1508 1002 1575 1048 :ne
1609 985 1613 993 “

241 1090 432 1182 quidquem
445 1091 490 1157 iis
507 1091 647 1158 deesset.
666 1089 759 1168 Quod
783 1090 910 1157 dicitur
930 1091 965 1156 in
987 1114 1018 1156 v.
1044 1097 1085 1156 16
1099 1088 1142 1156 de
1162 1111 1232 1156 uno
1247 1087 1463 1176 magistratu,
1479 1108 1575 1154 error

241 1204 308 1280 est;
328 1197 388 1287 qui
411 1204 531 1264 tamen
553 1198 727 1287 quomodo
754 1197 849 1287 opud
876 1202 1055 1264 extraneos
1078 1203 1170 1264 ortus
1198 1197 1242 1262 sit
1262 1195 1424 1285 explicari
1452 1197 1571 1284 potest.

241 1309 326 1371 Nam
337 1304 516 1370 foederum
532 1305 642 1393 pactis
660 1302 836 1393 praemitti
856 1303 990 1370 solebat
1011 1302 1367 1382 senatusconsultum,
1385 1323 1453 1390 quo
1473 1322 1574 1390 pree·-

241 1416 295 1477 ter
307 1409 450 1476 nomina
466 1411 662 1496 legatorum
684 1411 788 1476 otiam
803 1431 928 1476 nomen
944 1411 1017 1476 cios
1034 1409 1243 1476 efferebatur
1257 1407 1318 1497 qui
1330 1406 1463 1474 senatui
1475 1428 1575 1496 prae-

241 1515 440 1606 sidebat(cf.
467 1519 499 1581 K
498 1515 534 1603 .).
552 1517 671 1583 Mirum
689 1521 739 1583 est
753 1538 857 1605 quem
876 1516 1073 1583 bonafama
1092 1516 1236 1584 Romani
1256 1513 1349 1606 apud
1366 1513 1575 1580 ludaeosce-

241 1622 366 1690 lebrati
383 1623 450 1689 sint
470 1644 608 1712 :neque
625 1623 757 1690 invidio
778 1645 841 1690 nec
864 1622 970 1703 zelus,
988 1622 1187 1704 aemulatio,
1206 1627 1256 1688 est
1277 1623 1369 1688 inter
1389 1641 1446 1687 eos
1462 1643 1493 1686 v.
1518 1625 1570 1685 16.

240 1729 312 1796 Tali
335 1730 454 1819 itaque
471 1731 635 1819 opinionc
660 1751 738 1796 cum
759 1731 902 1798 Romani
933 1729 1269 1811 commendarentur,
1287 1727 1386 1794 ludas
1410 1734 1573 1817 opportu-

240 1857 325 1902 num
343 1838 475 1903 censuit
494 1858 613 1902 eorum
629 1841 790 1926 appetere
802 1837 1002 1903 amicitiam.

553 2114 602 2170 25.
624 2110 742 2171 Foedus
754 2110 851 2171 initur
864 2129 930 2171 cum
944 2111 1087 2172 Memora
1108 2117 1135 2184 8,
1160 2117 1260 2173 17·32.

279 2334 352 2395 atr.
368 2336 401 2384 Et
417 2335 497 2397 eleatt
519 2335 601 2384 ludas
620 2335 802 2400 Eupolemum,
817 2338 851 2402 fi·
937 2327 1017 2398 8,ss
1045 2325 1098 2384 Καὶ
1123 2321 1242 2391 ἐπελεξιν
1265 2321 1367 2390 Ἰούδας
1386 2321 1430 2381 τδν
1456 2322 1573 2382 Εὐπόλε-

244 2423 310 2472 lium
338 2424 461 2486 loauuis,
487 2423 540 2488 utu·
571 2424 659 2485 lacot,
683 2433 706 2473 et
731 2427 851 2475 turonem
897 2437 947 2490 μον
976 2413 1031 2472 υίδν
1055 2412 1177 2474 Ἰωάννου
1202 2417 1246 2470 τοῦ
1274 2409 1372 2478 trab<
1396 2409 1441 2470 καί
1467 2410 1571 2470 Ἰάσονα

244 2511 332 2576 fitium
357 2512 486 2562 Eleazaro·
516 2520 540 2562 et
568 2514 643 2562 mitit
673 2528 715 2563 eor
742 2516 851 2564 Romam
897 2503 952 2560 υἱδν
976 2501 1141 2580 Ἐλεαζάρου
1166 2499 1212 2559 καί
1242 2499 1396 2560 ἀπέστειλεν
1423 2497 1513 2566 αὐτοὺς
1537 2501 1574 2566 είς

243 2602 402 2650 comtituere
417 2615 475 2650 cum
489 2601 548 2650 illis
563 2603 712 2652 amicitiam
726 2610 750 2651 et
766 2605 850 2653 rocie—
897 2588 1008 2668 Ῥώμην
1036 2595 1133 2659 στῆσαι
1164 2592 1251 2657 αὐτοῖς
1278 2589 1367 2669 ριλίαν
1394 2587 1441 2648 καλ
1466 2611 1574 2664 συμμα-

245 2697 334 2751 tatem,
352 2690 393 2739 t·8.
410 2697 434 2738 et
449 2698 479 2740 ut
492 2691 632 2754 auferrent
649 2692 682 2740 ab
700 2692 739 2740 eir
758 2693 850 2754 irruam
896 2679 968 2759 χίαν,
987 2681 1036 2740 18.
1053 2681 1159 2739 καὶτοῦ
1179 2669 1241 2758 δραι
1259 2679 1303 2738 τὸν
1320 2677 1396 2755 ζυγδν
1413 2680 1460 2737 ἀπ’
1475 2678 1572 2751 αὐτῶν,

247 2780 416 2841 Graecarum,
431 2780 497 2841 quia
511 2780 637 2829 videraut
657 2781 725 2842 quoa
743 2780 775 2828 tu
792 2794 851 2829 ser·
896 2767 937 2826 δτι
959 2767 1014 2826 ἴδον
1040 2767 1088 2839 τὴν
1118 2767 1259 2845 βασιλείαν
1287 2769 1340 2825 τῶν
1362 2765 1499 2838 Ἑλλήνων
1524 2790 1574 2825 κα-

247 2868 359 2917 vitutem
384 2875 534 2932 promereat
556 2882 667 2931 reanum
688 2867 782 2917 lsrael.
807 2869 847 2918 19.
895 2855 1119 2929 ταδουλουμίνους
1134 2857 1179 2914 τὸν
1196 2854 1306 2936 Ἰσραὴλ
1323 2856 1452 2916 δουλείαν·
1468 2857 1513 2917 19.
1529 2857 1574 2913 καὶ

243 2957 275 3004 Et
289 2957 415 3007 obierunt
433 2958 543 3006 Romaiu
559 2958 633 3005 uiam
644 2956 756 3005 multam
771 2955 849 3005 votae
896 2945 1076 3020 ἐπορεύθησαν
1101 2945 1137 3012 εἰς
1160 2942 1274 3020 Ῥώμην
1297 2943 1344 3004 καί
1368 2948 1385 3016 ἡ
1410 2944 1471 3010 δδδς
1489 2943 1574 3014 πολλὴ

242 3053 267 3094 et
298 3046 464 3095 introierunt
494 3046 599 3094 curiam
627 3053 652 3094 et
680 3046 806 3094 dicerunt
839 3058 848 3092 .·
895 3032 1008 3111 σράδρα,
1035 3031 1080 3090 καί
1112 3035 1232 3103 εἰσῆλθον
1261 3035 1297 3100 εἰς
1326 3033 1356 3091 τὸ
1390 3031 1575 3112 βουλευτήριον

248 3133 392 3184 ἳθ.1αθσι
419 3133 592 3183 Harbabaeus
620 3141 645 3182 et
674 3134 773 3197 {ratres
792 3135 849 3183 eius
895 3119 941 3180 καί
966 3121 1148 3201 ἀπεκρίθησαν
1172 3123 1219 3180 καὶ
1244 3113 1330 3182 εἷπον·
1354 3123 1404 3182 20.
1433 3121 1534 3188 Ἰούδας
1561 3127 1597 3192 ὁΔ

244 3229 268 3271 et
283 3223 399 3287 populas
422 3223 581 3272 ludaeorum
596 3223 728 3272 miseruut
745 3237 794 3272 uos
813 3224 848 3271 ad
895 3208 1072 3278 Μακκαὸαῖος
1099 3211 1145 3268 καί
1171 3212 1195 3268 οἱ
1230 3212 1337 3292 ἀδελφοὶ
1363 3211 1444 3270 αὐτοῦ
1474 3211 1519 3269 καί
1544 3211 1575 3269 τὸ

243 3326 288 3360 oor
302 3318 417 3361 statuere
436 3313 570 3361 cotiarum
584 3313 734 3360 societatem
754 3318 778 3359 et
796 3327 849 3376 pa·
894 3301 993 3372 πλῆθος
1011 3303 1063 3358 τῶν
1086 3297 1222 3358 Ἰουδαίων
1242 3303 1401 3359 ἀπέστειλαν
1424 3304 1492 3375 ἡμᾶς
1510 3297 1575 3379 πρὸς

169 3427 172 3432 -
243 3413 296 3448 cem
311 3406 334 3448 et
353 3400 517 3449 conscribere
533 3394 585 3449 'uos
604 3402 686 3457 rarior
706 3408 730 3450 et
750 3401 848 3449 amicos
894 3391 963 3464 ὑμᾶς
982 3393 1080 3460 στῆσαι
1103 3387 1162 3464 μεθ’
1178 3391 1252 3464 ὑμῶν
1269 3389 1428 3468 συμμαχίαν
1447 3390 1492 3446 καὶ
1504 3389 1574 3467 εἰρή-

246 3494 355 3536 certrar.
378 3487 421 3536 tt.
443 3490 475 3536 Et
499 3489 604 3551 placuit
625 3503 709 3539 sermo
729 3491 761 3538 iu
783 3485 853 3538 cou-'
894 3501 952 3550 νην,
976 3477 1020 3534 καὶ
1042 3483 1176 3557 γραφῆναι
1198 3484 1270 3554 ἡμᾶς
1291 3476 1449 3556 συμμάχους
1470 3477 1514 3535 καί
1536 3477 1574 3556 <pl-

247 3581 337 3640 rpecta
349 3589 448 3626 eoram.
893 3567 954 3631 λους
975 3569 1059 3642 ὑμῶν.
1077 3569 1125 3625 ⁶21.
1146 3564 1200 3626 Καὶ
1219 3566 1312 3647 ἤρισεν
1332 3569 1346 3624 θ
1365 3566 1441 3642 λόγος
1461 3565 1574 3625 ἐνώπιον

895 3655 993 3713 αὐτῶν.

279 3754 321 3804 θθ.
340 3756 373 3804 Ει
398 3755 445 3804 boc
473 3757 632 3819 rescriptum
653 3764 690 3804 est
714 3756 783 3818 quod
804 3770 848 3804 re·
935 3744 982 3802 22.
1005 3743 1057 3802 Καὶ
1078 3748 1155 3801 τοῦτο
1174 3742 1204 3801 τὸ
1224 3742 1383 3824 ἀντίγραφον
1403 3748 1450 3814 τῆς
1470 3746 1573 3803 ἐπιστο-

246 3843 411 3907 sumpserunt
424 3846 456 3894 iu
470 3843 571 3893 tabulis
587 3846 671 3893 aereis
683 3851 708 3893 et
718 3846 847 3893 miseruut
893 3834 941 3902 λῆς
960 3823 991 3902 ἧς
1013 3831 1180 3912 ἀντέγραψαν
1202 3831 1246 3889 ἐπὶ
1268 3833 1368 3899 δέλτοις
1388 3833 1513 3914 χαλκαῖς,
1530 3832 1575 3892 καὶ
1652 3825 1655 3833 ’

244 3932 275 3978 iu
294 3931 441 3980 Ierusalem
460 3939 489 3980 ut
509 3938 574 3981 esset
593 3933 666 3996 apud
682 3947 724 3981 ror
739 3932 779 3981 ibi
793 3946 848 3982 me·
895 3920 1053 3979 ἀπέστειλαν
1082 3923 1117 3987 εἷς
1144 3919 1321 4000 Ἰερουσαλὴμ
1345 3913 1413 3980 εἶναι
1436 3921 1500 4001 παρ’
1524 3923 1575 3980 αὗ-

243 4017 444 4080 morialepacr'r
459 4027 483 4067 et
498 4022 656 4068 societatis:
675 4021 717 4070 23.
732 4021 848 4070 licuerit
894 4017 948 4075 τοῖς
975 4012 1028 4068 ἐκεῖ
1058 4009 1227 4086 μνημόσυνον
1261 4011 1365 4088 εἰρήνης
1390 4011 1436 4070 καὶ
1462 4033 1573 4087 συμμα-

242 4106 369 4154 Romanis
389 4113 414 4154 et
428 4108 502 4168 acati
520 4109 680 4157 ludaeorum
695 4111 725 4157 iu
739 4111 809 4157 mari
824 4117 847 4158 et
893 4097 966 4176 χίας·
983 4101 1032 4157 23.
1052 4101 1147 4165 Καλῶς
1174 4097 1276 4176 γε’νοιτο
1298 4097 1444 4175 Ῥωμαίοις
1467 4099 1513 4158 καὶ
1536 4101 1575 4180 τῷ

242 4195 273 4242 iu
303 4200 376 4242 terra
404 4197 434 4244 iu
465 4202 614 4257 aeteruum,
637 4197 798 4260 utunturque
824 4205 847 4246 et
895 4185 961 4243 ἔθνει
982 4185 1117 4246 Ἰουδαίων
1143 4189 1169 4245 ἐν
1192 4190 1225 4265 τῇ
1250 4188 1371 4268 θαλάσσῃ
1394 4188 1440 4247 καὶ
1461 4186 1504 4247 tat
1528 4191 1575 4259 τῆς

243 4283 326 4333 lucetis
339 4284 434 4347 procul
449 4286 485 4334 rit
503 4286 536 4334 ab
557 4287 603 4335 eis.
623 4286 670 4345 θές
689 4287 787 4344 Quodsi
803 4287 848 4336 iu·
895 4272 975 4352 ξηρᾶς
990 4276 1026 4340 είς
1044 4277 1088 4334 τὸν
1105 4277 1201 4350 αἰῶνα,
1216 4276 1262 4334 καὶ
1282 4278 1400 4358 ῥομφαία
1420 4277 1465 4336 καί
1484 4277 1576 4357 ἐχθρὸς

244 4374 344 4422 stiterit
363 4373 461 4423 bellum
475 4375 602 4424 Romauir
620 4376 708 4440 prius,
723 4383 769 4425 aut
791 4389 846 4424 om·
895 4363 1058 4444 μακρυνθείη
1089 4363 1134 4422 ἀπ’
1167 4366 1266 4426 αὐτῶν.
1284 4368 1331 4425 θδ.
1347 4365 1412 4426 Ἐάν
1444 4365 1470 4424 δὲ
1497 4369 1575 4443 ἐνστῇ

242 4463 324 4512 uibar
338 4464 417 4512 sociis
429 4477 521 4514 eorum
534 4465 565 4513 iu
580 4467 653 4513 omui
666 4465 849 4515 dominatione
895 4452 1010 4529 πόλεμος
1046 4454 1071 4510 ἐν
1102 4451 1197 4532 Ῥώμῃ
1231 4454 1347 4534 προτέρη
1379 4451 1397 4525 ἢ
1428 4465 1495 4512 πᾶσι
1522 4457 1577 4520 τοῖς

245 4565 344 4612 eorum,
362 4554 555 4603 iocantium
569 4553 636 4619 seret
651 4567 715 4616 aeus
735 4555 848 4603 ludaeo—
895 4542 1048 4621 συμμάχοις
1077 4543 1162 4602 αὐτῶν
1188 4543 1214 4600 ἐν
1244 4544 1319 4623 πάσῃ
1350 4543 1442 4624 κυρεία
1476 4545 1573 4616 αὐτῶν,

246 4653 313 4700 rum,
340 4649 420 4704 prout
457 4650 558 4707 tempas
592 4645 744 4705 dictaverit,
773 4644 849 4692 corde
895 4633 945 4693 ΞΒ.
963 4631 1141 4711 συμμαχήσει
1162 4631 1192 4690 rb
1212 4631 1283 4700 ἔθνος
1304 4635 1357 4691 τῶν
1378 4631 1523 4704 Ἰουδαίων,
1540 4634 1576 4698 ὣς

245 4727 342 4791 pleuo,·
359 4729 401 4779 26.
419 4737 443 4779 et
457 4732 658 4795 praeliantibus
673 4745 728 4782 uou
747 4732 850 4782 dabunt
895 4717 928 4778 ir
952 4724 966 4780 δ
987 4720 1079 4802 καιρὸς
1104 4724 1244 4800 ὑπογραφῇ
1267 4723 1363 4796 αὐτοῖς,
1386 4720 1481 4802 καρδία
1505 4719 1576 4791 πλή-
