3625 5367
283 341 341 402 l'll
794 340 822 398 l.
851 355 943 398 utcu.
967 339 1107 410 ess-62.

284 494 351 543 llum
370 493 508 553 dederont,
526 499 555 540 ut
579 491 734 541 veniretur
756 493 890 554 terionem
937 486 1061 562 πολλοὺς,
1086 487 1132 547 καὶ
1160 487 1335 548 ἐθουλεύσατο
1363 494 1411 548 roii
1435 491 1564 548 ἀπελθεῖν·
1583 493 1619 556 εἰς

282 585 412 647 ipsorum,
438 580 535 630 milltes
563 595 593 630 ee
622 581 660 630 ets
690 581 804 640 ποθοίη
833 581 891 645 ipse
937 576 985 650 τὴν
1000 579 1051 653 γῆν
1066 579 1154 639 αὐτοῦ,

283 678 372 722 uatem
393 671 521 732 cogitarit
549 684 608 719 cum
633 668 747 731 reliquis
765 669 841 719 abire
860 672 891 718 in

285 761 421 822 cepionem
439 772 526 808 εκανκ.

320 849 363 898 70.
380 849 413 896 Et
428 849 551 910 cognovit
573 847 704 896 lonctltcs
724 855 748 896 et
768 847 891 896 σαίνουσα
978 837 1026 895 ἹΟ.
1052 835 1104 895 Kal
1127 834 1230 912 ἐπέγνω
1255 832 1381 895 Ἰυννάθαν
1407 835 1452 894 καλ
1476 835 1618 895 estatem

284 950 344 988 eum
363 936 463 1000 legatos
480 950 633 1001 componere
647 950 739 1000 pacem
758 949 816 986 cum
831 936 891 1000 ipso
937 921 1001 1000 πρὸς
1015 921 1093 980 αὐτὸν
1108 921 1233 1002 replebat<
1246 927 1291 982 τοῦ
1305 924 1443 982 συνθέσθαι
1458 923 1522 1004 πρὸς
1538 923 1616 983 αὐτὸν

283 1033 308 1075 et
331 1027 439 1075 reddere
460 1027 486 1074 et
510 1026 705 1090 captiuitatem.
726 1025 770 1074 71.
796 1024 829 1074 Bt
854 1023 889 1072 tt·
937 1009 1041 1088 εἰρήνην
1060 1012 1106 1070 καὶ
1126 1014 1270 1071 ἀποδοῦναι
1295 1013 1384 1078 αὐτοῖς
1403 1011 1451 1083 rip
1472 1014 1617 1092 αἰχμαλω-

284 1115 374 1165 benter
395 1115 496 1179 occepit
518 1122 541 1163 et
568 1114 631 1178 fecit
652 1115 795 1163 seeundum
811 1113 891 1163 uerbo
937 1101 1008 1160 σίαν.
1031 1103 1079 1161 ll.
1101 1099 1155 1160 Καὶ
1179 1099 1324 1170 ἀπεδέξατο
1346 1100 1391 1160 καλ
1415 1101 1521 1172 ἐποίησε
1545 1103 1616 1160 κατὰ

282 1204 342 1252 eius
372 1210 397 1252 et
421 1205 525 1253 tursolt
554 1216 581 1252 se
609 1201 683 1251 nihil
708 1202 844 1265 saetarum
867 1203 890 1249 ei
936 1184 996 1255 robe
1013 1188 1105 1266 λόγους
1119 1190 1200 1248 αὐτοῦ
1214 1189 1259 1247 καὶ
1273 1188 1376 1266 ὤμοσεν
1396 1191 1469 1269 αὐτῷ
1482 1197 1519 1264 μὴ
1536 1193 1616 1262 ἐκζη-

283 1291 350 1341 mote'
369 1292 491 1342 omnibus
513 1292 605 1340 diebus
620 1291 692 1341 ottae
708 1293 781 1350 etua-
801 1289 846 1340 Π.
866 1297 889 1338 et
936 1281 1015 1347 τῆσαι
1029 1279 1100 1356 αὐτῷ
1115 1277 1196 1337 κακὸν
1212 1278 1299 1344 πάσας
1313 1279 1360 1345 ed<
1372 1279 1474 1356 ἡμέρας
1488 1283 1535 1351 τῆς
1548 1283 1617 1350 ζωῆς

284 1357 400 1430 reddidit
413 1381 438 1428 ei
451 1382 636 1445 captiuitatem
649 1393 729 1442 quom
740 1380 819 1442 prius
833 1387 889 1428 erut
937 1367 1025 1426 αὐτοῦ·
1040 1368 1089 1426 79..
1104 1366 1149 1424 καλ
1166 1367 1300 1425 ἀπέδωκεν
1320 1367 1454 1445 αὐτῷτὴν
1472 1370 1615 1446 αἰχμαλω-

282 1469 430 1533 prcedctus
450 1470 481 1517 de
501 1475 576 1517 terra
601 1468 684 1529 ludo;
706 1475 730 1517 et
749 1480 890 1517 concessus
936 1453 995 1513 σίαν
1020 1454 1053 1526 ἣν
1078 1455 1273 1533 ᾐχμαλώτευσε
1301 1453 1331 1513 τὸ
1356 1455 1482 1535 πρότερον
1510 1459 1540 1516 ἐκ
1568 1460 1616 1533 γῆς

282 1559 352 1608 obiit
377 1559 409 1608 tn
430 1564 530 1607 terrem
552 1570 629 1607 suom
651 1563 675 1606 et
694 1569 749 1606 noa
765 1557 890 1621 opposuit
937 1542 1033 1616 Ἰούδα,
1051 1542 1097 1601 καλ
1119 1545 1286 1624 ἀποστρέψας
1307 1546 1423 1614 ἀπῆλθεν
1444 1547 1480 1611 εἰς
1498 1547 1546 1617 τὴν
1567 1550 1616 1620 γῆν

196 1658 200 1663 ·
282 1646 401 1710 emptius
425 1648 516 1696 ventre
542 1648 573 1695 ia
599 1647 665 1712 fines
692 1646 759 1694 etus.
784 1644 826 1696 73.
857 1646 890 1693 Et
937 1634 1015 1691 αὐτοῦ
1036 1630 1082 1691 καθ
1097 1633 1126 1690 σθ
1142 1632 1280 1712 προσέθετο
1293 1631 1332 1692 let
1350 1633 1433 1692 έλθεῑν
1452 1636 1488 1700 εἰς
1505 1634 1539 1694 σθ
1557 1634 1617 1712 ὅρια

282 1737 395 1786 cessavit
415 1735 523 1799 gladius
546 1749 576 1784 ee
597 1733 684 1784 lsrael
706 1740 730 1783 et
754 1734 890 1784 habitarit
937 1723 1033 1779 αὐτῶν.
1044 1723 1091 1780 73.
1106 1721 1159 1780 Καὶ
1172 1722 1323 1790 κατέπαυσε
1337 1723 1454 1803 ῥομφαία
1467 1722 1493 1792 ἐξ
1506 1721 1617 1804 Ἰσραὴλ

283 1825 413 1875 loncthcs
439 1826 470 1873 ln
490 1825 624 1874 laetemur
649 1830 674 1874 et
701 1823 786 1887 coepit
811 1823 890 1872 Ιοπυ-
937 1809 982 1868 καλ
1000 1809 1103 1890 ᾤκησεν
1121 1808 1246 1871 ’[ωνσέθαν
1264 1813 1289 1870 ἐν
1311 1811 1500 1891 Μυχμάς·καθ
1519 1811 1617 1891 ἤρξατο

282 1913 345 1962 thos
368 1913 408 1962 ibt
429 1914 550 1962 iudicare
571 1911 703 1976 poputum
725 1919 748 1960 et
768 1913 891 1961 ertermt-
938 1899 1062 1959 ’λωνθθαν
1086 1899 1182 1978 κρίνειν
1204 1897 1248 1958 τὸν
1268 1899 1331 1959 labe
1356 1899 1401 1959 καλ
1422 1899 1535 1981 ἠφάνισε
1557 1899 1616 1966 τοὺς

283 2002 361 2050 που-ιθ
382 2002 479 2065 impios
494 2015 524 2049 ee
538 1999 633 2050 lsrael.
938 1985 1043 2054 σἰσεόεῑς
1057 1986 1086 2055 ἐξ
1102 1985 1222 2067 Ἰσραήλ.

318 2171 350 2220 In
366 2183 391 2220 v.
409 2169 440 2220 θλ
456 2163 592 2220 συνελαθον
610 2169 633 2217 Α
649 2167 693 2218 2³.
711 2167 753 2217 55.
769 2167 813 2218 62.
833 2166 882 2216 106
889 2180 896 2226 ;
913 2157 1054 2218 consentit
1069 2177 1088 2224 tt
1104 2165 1255 2232 συνεθαλον;
1271 2169 1378 2220 addunt
1392 2185 1415 2218 ot
1433 2185 1490 2237 περι
1510 2185 1553 2220 τον
1569 2168 1615 2222 θω-

281 2255 360 2308 ναθσν
377 2258 420 2308 64.
438 2258 482 2308 93.
498 2259 563 2308 sim.
583 2256 616 2316 S;
631 2251 801 2306 συνελαὸοντυ
813 2256 1061 2320 apprehenderunt
1074 2257 1138 2307 sihi.
1325 2255 1328 2261 “

326 2413 449 2474 Pacem
471 2405 613 2471 turbant
629 2410 806 2493 apostatae
831 2402 1050 2486 ludaeorum,
1073 2404 1133 2494 qui
1155 2405 1244 2471 forre
1268 2427 1336 2471 non
1355 2409 1496 2494 possunt
1519 2405 1616 2494 quod

282 2513 331 2603 pii
348 2512 521 2580 Israelitae
537 2511 623 2578 duee
634 2510 802 2577 lonathan
813 2510 878 2578 tuti
894 2531 934 2576 ac
945 2510 1054 2577 securi
1065 2510 1100 2576 in
1117 2510 1231 2600 quiete
1241 2511 1347 2578 vitam
1361 2511 1491 2597 degunt
1504 2534 1537 2578 ν.
1553 2518 1611 2594 583

282 2629 306 2687 et
321 2627 424 2704 ἄνομοι
443 2618 589 2705 exleges,
604 2618 664 2706 qui
679 2617 753 2683 scil.
770 2616 885 2703 legem
900 2617 1049 2705 patriam
1069 2616 1281 2699 abiecerunt,
1301 2625 1511 2688 ἑθσυλεύσαντσ
1532 2640 1614 2686 oon-

280 2726 394 2791 silium
408 2730 590 2814 ceperunt;
604 2724 631 2788 si
647 2745 740 2789 nunc
752 2724 870 2812 itaque
884 2722 1128 2790 adduxerimus
1141 2723 1361 2805 Bacchidem,
1378 2723 1479 2792 facilc
1497 2747 1615 2793 omncs

281 2851 351 2897 una
366 2836 465 2897 nocte
481 2828 765 2917 comprehendet.
784 2834 907 2895 Eorum
928 2829 1038 2919 aliqui
1058 2828 1103 2896 ad
1117 2830 1328 2897 Bacchidem
1342 2830 1488 2920 profecti
1502 2832 1570 2899 tale
1583 2831 1614 2897 ei

281 2935 449 3004 dederunt
463 2934 657 3001 consilium.
676 2933 773 3002 Haud
792 2934 950 3020 ingratus
974 2935 1052 3001 talis
1073 2936 1233 3003 Bacchidi
1258 2942 1332 3005 crat
1352 2938 1510 3022 nuntius;
1532 2945 1615 3006 Bac·

281 3042 400 3110 chides
422 3062 500 3109 cum
523 3039 726 3107 exercituin
757 3038 916 3107 Iudaeam
940 3040 1081 3108 iamiam
1103 3043 1319 3132 profecturus
1341 3045 1504 3133 epistolas
1525 3045 1614 3112 clam

280 3148 374 3216 misit
390 3148 433 3215 ad
449 3168 568 3215 omnes
583 3145 643 3236 qui
655 3167 696 3213 ex
717 3145 786 3213 suis
807 3146 965 3235 partibus
984 3152 1084 3215 erant
1098 3149 1168 3215 scil.
1193 3166 1255 3230 τοῖς
1274 3142 1443 3239 συμμάχοὶς
1458 3158 1546 3221 αὐτοῦ
1562 3175 1614 3218 so-

279 3257 341 3324 ciis
354 3255 424 3322 suis
437 3253 523 3322 belli
535 3259 654 3320 contra
670 3253 756 3342 pios,
775 3252 901 3342 quibus
920 3254 1096 3343 praecepit
1112 3261 1148 3322 ut
1172 3258 1339 3324 Ionathan
1361 3256 1503 3348 eiusque
1524 3280 1614 3326 esse-

280 3363 350 3431 clas
361 3360 694 3452 comprehenderent
708 3382 740 3425 ν.
760 3364 813 3426 60.
832 3357 897 3427 Sed
916 3359 1033 3427 multis
1047 3360 1119 3428 illis
1134 3362 1288 3452 epistolis
1303 3363 1348 3430 ad
1364 3364 1488 3432 multos
1504 3365 1614 3432 missis

280 3491 333 3536 res
360 3491 426 3535 non
445 3468 556 3558 potuit
575 3466 697 3545 latere;
722 3487 803 3533 uam
834 3468 992 3534 louathas
1011 3489 1074 3556 pro
1094 3491 1155 3536 sua
1180 3469 1288 3536 ducis¹
1301 3469 1485 3559 prudentia
1511 3493 1613 3539 omne

279 3573 449 3642 cautionis
472 3571 798 3658 genus'adhibebat
829 3580 948 3641 contra
966 3581 1136 3663 apostatas
1166 3598 1277 3666 neque
1304 3576 1536 3667 improbabile
1563 3586 1614 3646 cst

219 3747 222 3753 .
280 3703 388 3750 unum
404 3681 593 3749 alterumve
604 3703 644 3746 ex
654 3679 821 3769 apostatis
834 3685 947 3747 tamen
963 3681 1184 3750 abhorruisse
1199 3683 1241 3749 ab
1254 3683 1422 3751 eiusmodi
1436 3684 1564 3751 scelere
1580 3691 1614 3752 et

281 3789 474 3878 periculum
490 3787 652 3854 lonathae
662 3786 828 3852 innuisse.
851 3787 1019 3854 lonatban
1034 3787 1071 3853 in
1091 3789 1365 3857 machinationes
1380 3795 1612 3881 apostatarum

278 3896 437 3963 sollerter
448 3894 645 3980 invigilasse
659 3916 699 3959 ex
711 3915 750 3959 co
763 3893 868 3959 etiam
880 3893 1086 3977 ostenditur,
1097 3896 1190 3986 quod
1204 3918 1235 3963 v.
1251 3904 1290 3964 61
1306 3898 1479 3987 principes
1492 3919 1612 3965 eorum

279 4008 311 4066 et
323 4001 528 4067 architectos
540 3998 688 4080 sceleriS,
701 3998 793 4065 viros
809 3999 1077 4090 quinquaginta,
1096 4003 1330 4092 apprehensos
1343 4009 1452 4074 morte
1463 4005 1611 4071 mulcta·

279 4107 343 4186 vit;
359 4112 553 4174 συνελάσοντσ
576 4105 649 4171 scil.
672 4106 838 4172 lonathan
857 4115 890 4172 et
910 4107 993 4174 socii
1014 4107 1086 4176 eius
1105 4109 1168 4197 (uti
1181 4102 1201 4176 S
1215 4109 1319 4176 etiam
1334 4110 1458 4201 effert).
1476 4111 1529 4179 Uti
1544 4117 1611 4179 lla·

278 4211 428 4302 thathias
454 4216 552 4300 pater
576 4215 610 4277 et
638 4209 740 4277 ludas
762 4211 868 4278 frater
889 4214 1048 4282 Ionathas
1071 4237 1208 4304 quoquc
1230 4215 1341 4282 zelum
1367 4216 1453 4304 legis
1479 4217 1611 4285 habens

276 4319 399 4386 vindex
420 4317 545 4385 exstitit
570 4317 758 4406 impietatis
783 4317 839 4405 (cl.
863 4323 961 4386 Dent.
988 4327 1064 4402 13,s
1090 4323 1191 4411 seq).
1210 4324 1374 4414 Iosephus
1396 4346 1417 4391 a
1441 4323 1610 4392 Bacchide

276 4424 531 4518 quinquaginta
543 4424 633 4492 viros
648 4424 775 4492 occisos
788 4447 859 4491 esse
875 4425 1032 4515 explicat.
1162 4423 1164 4428 ’

321 4538 443 4602 Contra
457 4531 671 4623 inrasionem
688 4532 879 4614 Bacchidis,
901 4533 965 4620 qui
985 4533 1028 4600 ab
1048 4534 1130 4624 ipsis
1145 4535 1278 4604 ludaeis
1297 4537 1462 4606 invitatus
1480 4544 1513 4605 et
1532 4559 1609 4605 cae-

276 4640 377 4708 dibus
389 4640 459 4708 illis
474 4663 494 4706 a
511 4641 679 4707 lonathan
691 4637 897 4728 perpetratis
907 4659 1003 4706 suam
1016 4639 1052 4706 in
1067 4641 1229 4709 Iudaeam
1245 4644 1498 4733 expeditionem
1514 4643 1609 4736 apud

275 4749 447 4814 Romanos
475 4768 633 4815 excusare
654 4752 688 4813 et
710 4744 953 4813 commendare
976 4752 1123 4836 poterat,
1150 4750 1308 4818 lonathas
1333 4757 1367 4818 et
1393 4753 1509 4830 Simon
1537 4773 1608 4820 sese
