3625 5367
261 309 321 368 328
777 309 805 366 2.
829 323 922 368 111111.
945 309 1081 380 lea-39.

262 459 309 547 (S,
330 458 440 544 vulg),
463 467 657 545 παρέκλεισεν
677 457 833 538 exclusit,
855 457 928 524 scil.
954 459 1000 524 ab
1021 458 1131 546 asylo,
1154 458 1179 524 i.
1201 481 1232 524 e.
1256 456 1429 524 interfecit
1449 459 1492 541 (v.
1521 456 1577 544 35)

262 565 335 630 sine
357 563 428 631 ulla
453 564 642 632 reverentia
662 564 811 631 iustitiae
839 563 967 631 debita.
991 565 1070 630 Tale
1095 564 1205 631 scelus
1226 585 1305 631 cum
1328 562 1475 653 perfidia
1498 569 1594 630 tanta

262 672 479 738 commissum
491 670 595 737 etiam
606 671 707 738 multi
720 691 759 736 ex
770 670 975 756 alienigenis
985 670 1206 737 damnarunt.
1224 670 1305 738 Sita
1321 690 1328 735 :
1343 670 1407 735 ivit
1417 669 1462 735 ad
1472 668 1592 736 Oniam

263 780 298 842 ct
310 799 387 843 cum
402 800 441 843 10
457 778 600 867 pacifica
612 777 649 843 in
665 775 745 843 dolo
760 777 896 843 locutus
906 781 957 843 est
970 783 1002 844 et
1017 799 1096 843 cum
1112 776 1315 845 iuramentis
1330 785 1363 842 et
1375 775 1595 865 persuasione

263 881 358 950 dedit
371 884 401 950 ei
415 883 581 952 dextram.
598 883 748 950 Simulae
762 905 818 950 rex
832 883 936 950 rediit
949 907 967 951 e
981 884 1110 964 Cilicia,
1126 883 1244 951 ludaei
1254 883 1293 950 in
1303 883 1388 952 urbe
1400 882 1595 949 habitantes

263 1011 343 1056 eum
362 990 523 1057 adierunt
542 995 792 1080 conquerentes
811 989 854 1056 de
876 990 1003 1057 iniusta
1021 1012 1106 1056 nece
1127 1000 1484 1078 συμμιαοπανηρεύντων,
1509 989 1594 1055 dum

264 1097 380 1162 Graeci
395 1119 531 1185 quoque
550 1117 627 1164 cum
644 1096 693 1162 eis
712 1096 979 1182 indignarentur
998 1096 1041 1162 de
1060 1096 1284 1186 improbitate
1300 1096 1388 1163 11111
1402 1117 1435 1162 v.
1453 1101 1508 1162 35.
1527 1099 1595 1162 Rex

264 1225 303 1270 ex
322 1203 437 1270 animo
457 1215 602 1291 ψυχιαῶς,
620 1207 767 1270 mortem
787 1201 852 1269 viri
869 1204 963 1270 luctu
978 1208 1178 1292 prosecutus
1193 1208 1258 1284 est;
1277 1201 1396 1289 nragni
1408 1201 1501 1268 enim
1517 1223 1596 1267 eum

264 1309 504 1376 aestimaverat
525 1314 666 1400 propter
687 1309 842 1376 animum
863 1309 966 1398 plane
987 1311 1041 1376 sui
1062 1315 1256 1399 compotem
1279 1308 1477 1397 (eoppae-tm)
1501 1314 1534 1374 et
1553 1307 1597 1374 ob

264 1415 425 1481 eximiam
445 1415 510 1481 viri
528 1415 731 1482 modestiam
748 1421 781 1482 et
797 1415 1031 1482 urbanitatem
1048 1416 1161 1504 (11111,
1183 1416 1329 1505 εὐταξία).
1347 1415 1468 1481 Mirum
1486 1413 1598 1480 videri

267 1520 371 1610 possit
384 1522 590 1588 Antiochum
604 1522 648 1589 de
660 1522 733 1589 eius
746 1521 849 1588 caede
863 1521 1070 1590 lacrimasse.
1085 1529 1209 1590 Verum
1222 1523 1310 1606 alias
1323 1543 1460 1611 quoque
1475 1521 1511 1587 in
1526 1520 1599 1587 eius

266 1627 391 1713 agendi
426 1627 617 1696 rationibus
649 1627 783 1698 indoles
812 1628 966 1696 cernitur
993 1630 1175 1712 versatilis,
1206 1629 1405 1718 multiplex;
1436 1637 1508 1695 ἔνιαι
1539 1637 1598 1694 τῶν

266 1743 410 1802 &attelabo
427 1753 477 1803 :ci
504 1736 662 1824 Ἀντιὲχαυ
677 1744 727 1804 καὶ
742 1747 799 1804 τῶν
814 1741 953 1824 πράξεων
971 1743 1121 1818 βασιλικαὶ
1139 1742 1188 1804 καὶ
1208 1742 1365 1820 θαυμάσιαι
1379 1743 1491 1814 τελέως
1510 1738 1596 1816 ἦσαν,

266 1841 314 1906 111
334 1841 427 1928 apud
450 1841 633 1908 Diodorum
653 1843 714 1908 sio.
738 1847 853 1923 31,1o‚
875 1843 1080 1909 etiterum:
1099 1841 1303 1909 incredibile
1322 1841 1436 1908 visum
1455 1861 1540 1922 esse,
1561 1838 1597 1904 iu

267 1966 336 2013 uno
352 1951 455 2034 atque
470 1947 589 2014 eodem
607 1947 748 2034 ingenio
768 1953 819 2013 tot
833 1947 977 2014 virtutes
991 1949 1092 2015 simul
1108 1971 1148 2014 ac
1164 1948 1248 2015 vitia
1262 1969 1359 2037 posse
1374 1945 1529 2036 reperiri.

267 2111 270 2116 ,
312 2049 526 2118 Andronicus
548 2053 713 2141 perfidiae
735 2075 884 2141 poenam
906 2055 972 2121 luit
990 2076 1024 2121 v.
1048 2060 1106 2134 383
1129 2076 1285 2145 purpura
1302 2052 1402 2120 indui
1425 2051 1600 2142 aliquibus

268 2180 309 2223 ex
318 2157 447 2244 insigni
464 2158 580 2225 lavore
594 2158 685 2244 regis
695 2158 964 2240 concedebatur,
978 2160 1022 2226 cf.
1037 2161 1130 2228 Esth.
1144 2167 1236 2241 8,15.
1254 2161 1391 2227 1111111.
1409 2165 1522 2239 10,62.
1537 2164 1598 2238 6t3

270 2271 386 2344 11,58;
404 2276 453 2332 ’.ὃν
471 2272 619 2352 μιαιᾳὲνον
636 2267 816 2351 sunguine,
834 2265 939 2332 caede
956 2268 1228 2334 contaminatum
1247 2270 1448 2350 ἁπεκέσμησε,
1466 2271 1499 2347 S,
1516 2264 1602 2350 vulg

269 2371 440 2460 explicant
460 2371 501 2438 de
517 2375 627 2438 morte
644 2370 742 2438 illata
760 2392 767 2438 :
785 2371 911 2439 occidit
931 2395 1023 2452 eum,
1040 2374 1112 2440 vita
1126 2373 1257 2462 privari
1270 2372 1383 2457 iussit;
1402 2394 1490 2460 quae
1504 2372 1600 2438 notio

268 2477 345 2543 voci
364 2478 469 2544 tribui
491 2477 594 2545 debet
615 2500 655 2544 ex
679 2484 857 2561 contextu3
881 2500 962 2545 nam
985 2480 1028 2547 de
1050 2479 1254 2569 spoliatione
1277 2484 1421 2546 ornatus
1437 2477 1506 2544 iam
1528 2482 1620 2544 crat¹
1667 2543 1670 2546 ,

268 2605 380 2650 sermo
401 2590 434 2650 et
456 2585 539 2652 baec
554 2585 628 2652 sola
646 2584 842 2671 ignominia
859 2592 952 2652 certe
971 2587 1042 2652 non
1057 2585 1299 2672 designaretur
1317 2584 1362 2651 ab
1377 2589 1516 2652 auctore
1530 2582 1601 2649 illis

269 2690 383 2757 verbis
407 2712 413 2756 τ
441 2692 585 2757 Domino
612 2690 668 2756 illi
695 2689 905 2780 condignam
928 2692 1134 2759 retribuente
1153 2713 1304 2782 poenam
1311 2711 1326 2775 ;
1349 2691 1434 2757 haec
1456 2697 1506 2757 est
1529 2690 1602 2756 sola

270 2819 382 2884 poena
400 2797 520 2863 mortis
534 2819 598 2886 pro
617 2797 807 2864 homicidio
823 2805 977 2887 patrat03
995 2799 1038 2865 01.
1056 2805 1138 2866 Gen.
1158 2805 1228 2881 9,6.
1252 2803 1339 2864 Num
1362 2797 1472 2885 igitur
1490 2801 1603 2865 ἁπεκὲ-

271 2931 363 2986 σμησε
384 2925 402 2968 1
422 2902 551 2968 mundo
573 2903 710 2990 (κῶμος)
732 2925 811 2970 eum
831 2905 999 2970 removit?
1014 2927 1091 2972 cum
1113 2912 1231 2973 auctor
1251 2905 1348 2971 haud
1367 2925 1445 2970 raro
1464 2903 1603 2970 affecta·

270 3013 343 3072 tum
360 3007 535 3094 quoddam
550 3029 662 3093 genus
676 3007 813 3074 dicendi
826 3021 1067 3098 prosequatur,
1082 3010 1118 3076 id
1133 3011 1366 3101 improbabile
1379 3031 1450 3078 non
1463 3009 1603 3076 omnino

272 3118 332 3181 est.
811 3173 813 3178 .

316 3219 473 3286 Exoritur
490 3220 657 3289 tumultus
674 3225 708 3287 et
727 3221 880 3288 vindicta
893 3223 1073 3312 popularis
1094 3229 1213 3291 contra
1232 3223 1475 3309 Lysimachum
1497 3221 1605 3289 sacri-

270 3328 387 3414 legum
403 3349 436 3393 v.
459 3333 574 3395 39-12.
598 3329 821 3396 Commiserat
840 3330 934 3395 enim
953 3329 1175 3417 Lysimachus
1198 3330 1308 3396 multa
1328 3331 1420 3396 turta
1439 3351 1480 3395 ex
1498 3328 1604 3395 rebus

272 3434 401 3522 templo
425 3433 581 3516 addictis,
604 3456 689 3523 quas
707 3439 782 3502 κατὰ
801 3444 855 3518 τὴν
875 3442 962 3503 :tio
984 3458 1047 3524 per
1069 3437 1190 3503 urbem
1212 3436 1360 3502 vendere
1382 3434 1531 3517 solebat,
1552 3434 1604 3502 uti

271 3539 440 3607 Menelaus
458 3562 538 3606 vasa
553 3563 650 3607 sacra
664 3541 701 3607 in
716 3541 858 3627 regione
878 3541 1156 3628 alienigenarum
1172 3541 1374 3608 vendiderat
1391 3541 1440 3630 (v.
1457 3541 1606 3628 3111111

271 3644 393 3735 templi
422 3646 644 3736 spoliationes
674 3656 894 3735 ἱερασυλήματα
927 3649 1138 3737 perpetravit
1175 3651 1249 3732 μετὰ
1282 3667 1337 3731 τῆς
1371 3635 1495 3733 «sidaec
1525 3668 1604 3713 cum

272 3753 534 3842 approbatione,
557 3753 682 3820 sciente
702 3758 736 3821 et
753 3753 888 3821 volente
907 3755 1071 3835 Menelao,
1090 3755 1151 3844 qui
1168 3777 1208 3820 ex
1223 3754 1318 3821 bisce
1333 3755 1491 3842 pecuniis
1506 3775 1604 3820 suam

272 3858 338 3925 sibi
353 3865 486 3947 partem
503 3859 693 3949 requisivit,
710 3859 766 3926 vel
782 3861 853 3926 iere
867 3860 1037 3946 integras3
1055 3862 1161 3926 immo
1177 3883 1216 3927 ex
1233 3884 1264 3927 v.
1283 3866 1324 3926 13
1340 3859 1416 3926 iure
1431 3858 1606 3945 colligitur

273 3964 511 4050 Lysimachum
533 3988 571 4031 ex
591 3967 754 4033 mandato
773 3965 916 4033 Menelai
938 3974 972 4033 et
994 3989 1056 4057 pro
1079 3967 1186 4056 ipsius
1211 3966 1386 4055 marsupio
1408 3964 1492 4033 talia
1511 3987 1606 4031 com·

274 4067 414 4134 misisse.
433 4074 559 4136 Morum
573 4071 666 4138 fama
680 4093 757 4138 cum
779 4095 841 4160 per
857 4073 1037 4158 regionem
1052 4094 1170 4162 sparsa
1187 4077 1286 4153 esset,
1309 4071 1428 4139 Iudaei
1444 4073 1605 4138 certiores

272 4176 355 4242 iacti
379 4176 448 4240 iam
477 4176 624 4242 multum
647 4199 771 4243 aurum
800 4179 933 4267 templi,
959 4179 1069 4245 multa
1094 4201 1175 4245 vasa
1203 4201 1310 4246 aurea
1333 4201 1404 4246 esse
1428 4178 1602 4257 distracta,

273 4303 400 4368 magno
416 4303 560 4348 numero
576 4282 761 4373 praecipue
777 4305 816 4349 ex
836 4285 1041 4370 regionibus
1054 4284 1292 4352 adiacentibus
1307 4286 1511 4371 congregati
1526 4289 1605 4352 sunt

272 4389 436 4456 vindices.
456 4394 538 4457 Cum
554 4389 712 4478 explicite
726 4391 860 4456 dicatur
874 4399 1056 4474 διαδοθείσης
1073 4397 1130 4472 ἔξω
1145 4411 1199 4475 τῆς
1214 4403 1315 4478 φήμης
1334 4393 1370 4457 in
1386 4391 1604 4480 oppositione

272 4495 316 4562 ad
330 4499 404 4563 κατὰ
417 4503 517 4580 attia,
538 4495 665 4564 urbani
679 4496 840 4564 videntur
855 4497 950 4590 haud
962 4497 1013 4564 ita
1027 4498 1175 4564 multum
1193 4497 1262 4565 illis
1281 4496 1471 4583 sacrilegiis
1488 4497 1605 4563 offensi

273 4603 387 4681 fuisse,
415 4624 534 4668 verum
565 4603 728 4670 rusticani
758 4603 889 4669 maiore
914 4603 1052 4692 pietatis
1075 4604 1186 4672 laesae
1209 4625 1309 4671 sensu
1334 4603 1459 4670 imbuti
1485 4608 1606 4670 contra

273 4698 428 4774 11111011
461 4709 695 4776 insurrexisse.
728 4714 849 4776 Contra
880 4710 943 4777 has
977 4709 1095 4776 turbas
1128 4710 1346 4797 Lysimachus
1375 4731 1452 4777 cum
1486 4709 1598 4777 tribus
