3625 5367
767 392 794 448 l.
818 409 912 451 uncti.
936 392 1077 464 e,55-5t.
1532 395 1585 452 137

256 549 406 599 obsidemus
439 558 477 599 cst
510 553 656 612 munitus,
675 558 700 601 et
732 553 863 604 incumbit
911 565 959 618 μεν
974 543 1032 600 καθ’
1049 541 1152 619 ἡμέραν
1168 541 1340 621 καίὴτρορὴ
1357 545 1419 616 ἡμῖν
1435 542 1525 620 ὀλίγη,
1541 543 1586 602 καλ

256 639 344 700 nobis,
374 639 503 688 ordinare
532 641 562 690 dc
589 654 687 704 sepum·
722 642 765 692 58.
793 657 864 692 nunc
910 629 1019 696 ὁτόπος
1039 621 1070 688 οὗ
1090 629 1317 710 παρεμίάλλομέν
1337 633 1407 689 ἐστιν
1428 633 1522 710 ὀχυρὸς
1543 635 1587 690 καί

257 730 350 791 itaqua
379 728 470 777 deuius
494 729 608 778 destrae.
625 729 779 780 bominibus
803 733 863 780 istis
910 717 1042 776 ἐπίκειται
1056 725 1121 796 ἡμῖν
1135 721 1167 778 τὰ
1182 725 1228 790 τῆς
1245 719 1389 798 βασιλείας.
1402 723 1451 781 58.
1472 721 1527 780 Νῦν
1542 713 1586 779 οὖν

257 824 282 866 et
308 814 441 879 suciamus
470 831 527 866 cum
553 817 612 867 illis
639 833 732 882 pacrm
755 825 780 868 et
806 834 864 868 cum
910 808 996 884 δῶμεν
1012 807 1098 876 δεξιὰν
1111 815 1163 874 τοῖς
1178 807 1323 886 ἀνθρώποις
1337 811 1434 874 τούτοις
1450 811 1495 868 καί
1510 810 1589 879 ποιή-

257 906 331 955 omni
357 912 435 968 pente
459 919 566 962 comm:
592 908 636 958 59.
664 915 687 956 et
715 909 863 957 constitua·
911 918 998 970 σιιιμεν
1021 899 1080 972 μετ’
1101 901 1187 955 αὐτῶν
1211 897 1316 975 εἰρήνην
1335 897 1380 956 καί
1401 899 1469 974 μετὰ
1489 899 1587 962 παντὸς
1636 938 1638 945 ·

257 1007 315 1050 mus
330 992 389 1042 illis
407 1000 436 1042 ut
456 994 593 1044 ambulent
612 997 643 1044 iu
665 995 792 1057 lepitimis
807 998 864 1046 suis
910 985 998 1050 ἔθνους
1021 987 1119 1044 αὐτῶν.
1137 989 1186 1045 59.
1205 985 1250 1043 uui
1269 986 1411 1060 στήσωμεν
1430 987 1518 1054 αὐτοῖς
1540 993 1587 1045 τοῦ

257 1084 327 1132 sicut
362 1083 457 1146 prius,¹
490 1091 602 1148 propter
639 1084 760 1147 legitima
793 1087 864 1134 enim
911 1072 1068 1152 πορεύεσθαι
1091 1075 1144 1139 τοῖς
1168 1073 1288 1150 νομίμοις
1311 1077 1397 1132 αὐτῶν
1417 1079 1452 1142 ὡς
1470 1075 1500 1132 τίν
1521 1074 1588 1152 πρό-

258 1173 380 1236 ipsarum
401 1184 469 1233 arrae
496 1172 673 1237 despeximus,
704 1173 773 1222 irati
801 1180 865 1223 sunt
910 1184 992 1240 τερον·
1010 1162 1089 1242 χάριν
1105 1162 1155 1240 γὰρ
1171 1167 1223 1220 τῶν
1244 1163 1365 1238 νομίμων
1383 1165 1469 1222 αὐτῶν
1484 1153 1520 1220 b'n
1535 1165 1587 1222 διε-

259 1268 283 1309 et
298 1261 417 1324 lecerunt
433 1261 524 1309 omnia
540 1262 613 1310 boec.
911 1251 1079 1328 auedicapeu
1094 1249 1259 1330 ὠργίσθησαν
1282 1253 1326 1310 καί
1349 1253 1478 1323 ἐποίησαν
1503 1258 1588 1311 ταῦτα

911 1339 1009 1398 πάντα.

295 1437 339 1486 60.
367 1437 401 1486 Et
428 1437 533 1502 placuit
561 1452 647 1489 sermo
667 1439 704 1488 in
725 1447 865 1504 conspectu
951 1429 1000 1488 60.
1026 1431 1080 1488 Καὶ
1096 1427 1306 1508 ἤρεσενὸλόγος
1322 1428 1496 1487 ἔναντίοντοῢ
1511 1432 1587 1507 βασι-

258 1526 330 1589 repis
357 1533 381 1576 ct
411 1527 568 1591 principum
598 1535 622 1576 et
654 1529 728 1577 misit
757 1529 792 1578 ad
823 1543 865 1577 cos
910 1519 976 1578 λεύντ
994 1516 1040 1575 καλ
1064 1521 1115 1575 τῶν
1138 1520 1284 1596 ἀρχόντων,
1298 1517 1344 1575 καὶ
1365 1516 1506 1577 ἀπέστειλε
1526 1517 1589 1595 πρὸς

257 1627 349 1679 pacem
368 1614 465 1679 facere,
484 1624 508 1665 et
528 1624 685 1679 receperunt
706 1616 794 1671 iilam.
819 1617 863 1667 61.
912 1604 1006 1671 αὐτοὺς
1033 1609 1184 1684 εἶρηνεῦσαι
1210 1606 1255 1664 καὶ
1285 1605 1448 1672 ἐπιδέξαντο.
1466 1608 1516 1666 61.
1534 1607 1589 1665 Καὶ

258 1704 291 1752 Et
306 1704 411 1754 iurauit
431 1703 489 1753 illis
508 1718 554 1754 rea
574 1712 598 1754 ct
616 1706 765 1770 principes,
780 1712 804 1755 et
820 1719 866 1754 erc-
911 1692 1014 1768 ὤμοσεν
1028 1697 1114 1762 αὐτοῖς
1129 1698 1142 1753 b
1158 1694 1281 1773 βασιλεὺς
1293 1694 1338 1752 καὶ
1354 1697 1377 1751 cl
1392 1693 1528 1774 ἄρχοντες,
1542 1695 1588 1752 ἐπὶ

258 1793 349 1842 icrunt
373 1791 404 1840 de
427 1794 586 1842 munitione.
617 1793 661 1843 b‘t.
691 1788 725 1843 m
749 1795 865 1844 intrauit
911 1782 1012 1848 τούτοις
1031 1782 1138 1854 ἐξῆλθον
1159 1786 1189 1841 ἐκ
1206 1789 1251 1842 τοῦ
1270 1781 1452 1862 ὀχυρώματος.
1468 1785 1517 1842 62.
1537 1783 1590 1841 Καὶ

242 1889 245 1895 ’
260 1892 305 1931 rec
326 1865 533 1932 ονοιι1οιαδίοπ
556 1889 581 1930 ct
605 1883 676 1932 uidit
688 1884 866 1932 munitionem
912 1874 1026 1940 είςῆλθεν
1041 1874 1055 1928 b
1070 1871 1195 1950 βασιλεὺς
1214 1874 1250 1938 εἰς
1261 1861 1294 1930 ’τὸ
1309 1871 1367 1947 ὄρος
1382 1869 1452 1931 Σιὼν
1473 1870 1518 1929 καὶ
1537 1860 1588 1929 εἶδε

259 1969 320 2028 lori,
346 1975 370 2018 et
394 1971 469 2034 rupit
495 1971 576 2020 citius
594 1973 778 2022 iuramentum
797 1974 865 2035 quod
912 1959 940 2016 τὸ
953 1959 1081 2039 ὀχύρωμα
1096 1966 1142 2018 τοῦ
1157 1959 1238 2020 τόπου
1253 1961 1298 2019 καὶ
1312 1960 1425 2037 dbis-nce
1439 1957 1483 2019 aba
1498 1962 1589 2038 δρκισ-

259 2059 365 2108 iurauit
386 2065 410 2107 et
432 2060 577 2108 mandauit
604 2061 741 2110 destruere
759 2037 866 2110 murum
912 2049 961 2122 pbr
978 2047 1006 2107 du
1021 2047 1123 2126 ὤμοσε,
1138 2049 1183 2108 καὶ
1199 2050 1348 2107 ἐνετειλατο
1363 2048 1409 2108 καί
1424 2049 1545 2108 καθεῖλεν
1560 2049 1590 2106 τὸ

260 2147 291 2196 in
318 2161 395 2209 pyra.
419 2146 465 2197 6³.
495 2148 528 2196 lli
557 2149 679 2198 discessit
704 2148 867 2212 [estinanter
912 2138 997 2218 τεῖχος
1010 2139 1207 2198 νιυκλόθεν.63.
1219 2137 1273 2198 Καὶ
1286 2139 1373 2216 ἀπῆρε
1388 2137 1458 2195 κατὰ
1472 2137 1588 2206 σπουδὴν

260 2242 285 2284 et
303 2248 424 2285 reuersus
443 2242 482 2285 est
510 2238 690 2296 Antiochiam,
714 2246 739 2287 et
761 2240 865 2288 inuenit
913 2226 957 2284 νιαί
989 2228 1152 2308 ἀπέστρεψεν
1182 2230 1217 2293 εἷς
1248 2227 1429 2304 Ἀντιόχειαν,
1455 2224 1501 2284 καλ
1531 2218 1589 2306 εὗρε

259 2323 419 2387 Philippum
438 2325 622 2375 dominantem
638 2327 755 2386 ciuitati,
770 2334 794 2375 ct
811 2342 861 2391 pu·
912 2317 1050 2374 Φιλιππυν
1070 2315 1224 2392 κυριεύοντα
1243 2321 1290 2385 τῆς
1311 2313 1412 2380 πόλεως
1431 2315 1477 2373 καὶ
1496 2313 1586 2372 ἐπολί-

260 2413 355 2475 9uacit
380 2413 509 2463 οοοενσιιε
533 2428 592 2464 eum
617 2421 642 2463 et
664 2417 804 2479 occuparit
826 2417 866 2466 ci·
913 2426 983 2476 μησε
1003 2405 1068 2483 πρὸς
1090 2405 1168 2462 αὐτὸν
1191 2404 1237 2462 καί
1258 2402 1423 2462 κατελάὸετο
1436 2402 1491 2482 ,τὴν
1512 2404 1588 2462 πόλιν

262 2502 380 2552 citatem.
620 2502 624 2508 ⁴
914 2493 971 2571 βία.

306 2666 417 2752 Lysias
431 2687 509 2734 cum
528 2665 678 2734 audisset
696 2665 977 2756 appropinquare
993 2666 1189 2757 Philippum
1210 2689 1288 2733 cum
1304 2665 1453 2734 exercitu
1470 2687 1588 2755 pacem

260 2793 340 2838 cum
360 2771 492 2839 ludaeis
511 2772 784 2840 concludendam
805 2783 919 2856 curat;
938 2780 1056 2839 contra
1074 2781 1211 2862 pactum
1235 2775 1487 2842 munimentum
1506 2777 1591 2839 tem-

261 2876 311 2967 pli
330 2876 529 2946 destruitur.
1017 2859 1022 2874 ⁸

305 2985 463 3062 Quamvis
477 2991 620 3075 propter
643 2985 796 3082 inopiam
816 2986 974 3077 plerique
997 2987 1085 3054 clam
1102 2987 1144 3054 dc
1165 2993 1281 3054 niente
1303 2987 1423 3077 templi
1438 2985 1592 3073 diffugis·

261 3097 347 3171 sent,
366 3098 481 3158 tamen
499 3091 598 3160 illum
620 3094 654 3158 vi
671 3114 840 3182 occupare
860 3093 1055 3162 obsidentes
1082 3117 1153 3161 non
1176 3099 1347 3184 poterant.
1366 3100 1451 3161 Dum
1474 3093 1591 3182 itaque

262 3197 395 3264 obsidio
407 3198 680 3287 protraheretur,
695 3200 837 3267 nuntius
854 3200 1007 3280 affertur,
1029 3200 1225 3287 Philippum
1239 3222 1318 3265 cum
1332 3200 1481 3266 exercitu
1499 3200 1591 3285 regis

263 3303 391 3371 mortui
412 3327 430 3370 e
450 3304 586 3371 Perside
615 3305 743 3371 reverti
761 3326 911 3393 eumque
936 3305 1270 3372 administrationem
1293 3305 1393 3389 regni
1421 3304 1592 3392 suscipere

262 3409 362 3478 velle.
382 3410 598 3501 Philippusa
621 3433 703 3497 rege
723 3411 837 3477 adhuc
861 3410 1041 3500 superstite
1063 3412 1098 3476 in
1119 3433 1159 3477 ea
1182 3410 1353 3497 dignitate
1375 3415 1447 3477 erat
1467 3411 1593 3476 eonsti-

263 3522 356 3584 tutus
367 3517 423 3606 (cl.
437 3523 528 3601 opt.
544 3517 598 3606 15)
610 3517 783 3607 simulque
792 3522 884 3583 tutor
896 3517 1094 3603 designatus
1107 3517 1264 3583 Antiochi
1277 3515 1342 3582 filii
1355 3521 1396 3596 εἰς
1405 3528 1437 3585 τὸ
1454 3525 1593 3599 βασιλεῦ-

265 3654 312 3692 σαι
330 3630 430 3705 αὐτόν,
447 3629 485 3691 ut
499 3644 580 3690 eum
591 3623 667 3691 scil.
684 3623 730 3690 ad
745 3624 961 3710 regnandum
981 3623 1154 3690 educaret.
1171 3629 1240 3701 Qua
1257 3622 1349 3709 regis
1371 3622 1593 3713 dispositione

264 3729 379 3817 Lysias
393 3751 535 3796 munere
551 3735 585 3796 et
596 3729 764 3816 dignitate
778 3729 945 3819 spoliatus
960 3735 1021 3796 est.
1040 3735 1081 3795 nt
1104 3728 1141 3795 id
1164 3729 1305 3796 minime
1329 3727 1396 3795 sihi
1412 3727 1594 3795 ferendum

264 3857 334 3902 esse
352 3840 447 3903 ratus
462 3838 637 3903 constituit
660 3837 818 3904 celeriter
842 3859 919 3902 cum
940 3839 1089 3902 exercitu
1114 3837 1150 3902 in
1176 3836 1309 3922 Syriam
1332 3834 1520 3914 reverti,ut
1542 3856 1594 3900 re-

264 3963 373 4029 gnum
399 3941 544 4008 firmiter
565 3950 755 4032 capesseret
776 3949 811 4008 et
832 3948 975 4023 teneret,
991 3947 1177 4031 antequam
1196 3941 1374 4031 Philippus
1402 3940 1592 4007 adveniret.

264 4052 373 4125 Quare
391 4050 464 4134 regi
485 4055 520 4116 et
537 4048 681 4115 ducibus
699 4049 882 4138 persuadet
903 4071 1023 4139 pacem
1042 4048 1246 4115 concludere
1269 4070 1348 4114 cum
1372 4047 1517 4116 ludaeis.
1534 4053 1595 4116 lla-

263 4155 374 4222 tiones
398 4157 495 4220 alleri
512 4175 520 4219 :
538 4154 728 4224 minuimur
750 4155 788 4222 in
808 4156 880 4221 dies
907 4155 1074 4246 (quotidie
1103 4155 1211 4244 aliqui
1236 4155 1291 4221 vel
1316 4155 1523 4236 moriuntur,
1542 4153 1597 4222 vel

264 4283 326 4351 per
359 4261 511 4327 obsessos
541 4261 813 4350 interimuntur),
835 4268 1046 4330 commeatus
1070 4263 1224 4328 modicus
1254 4267 1319 4340 cst;
1351 4259 1596 4350 monstempli

191 4392 196 4402 ·
263 4368 349 4435 adeo
366 4366 519 4434 munitus
538 4368 686 4440 utnulla
699 4373 945 4457 spessuppetut
958 4370 1024 4435 cito
1045 4390 1123 4434 eum
1140 4367 1380 4456 expugnandi3
1399 4368 1498 4452 regni
1514 4387 1596 4431 cura

261 4473 363 4540 nohis
376 4472 557 4553 incumbit,
577 4494 621 4539 ne
637 4473 711 4540 scil.
737 4473 917 4565 Philippus
932 4480 1056 4540 cuncta
1074 4472 1140 4539 sibi
1159 4477 1314 4561 usurpet.
1334 4477 1372 4538 ln
1388 4494 1419 4536 r.
1438 4477 1480 4536 57
1496 4470 1596 4537 lectio

263 4578 417 4667 vulgaris
444 4580 624 4648 exhibetur
644 4579 680 4645 in
702 4579 788 4666 vulg
815 4601 823 4648 ἰ
851 4591 1031 4649 κατέπαυσε
1055 4595 1105 4648 τοῦ
1130 4581 1272 4647 ἀπελθεῖν
1301 4583 1348 4645 καί
1371 4582 1477 4662 εἰπεῖν,
1501 4577 1596 4667 prius

264 4687 458 4755 membrum
483 4684 634 4773 intelligi
665 4690 777 4775 potest
798 4686 1003 4754 acceleravit
1030 4682 1440 4770 discessum31egendum
1461 4684 1525 4752 erit
1548 4691 1598 4752 καὶ

263 4794 347 4862 εἶπεν
364 4793 455 4883 (cum
470 4815 505 4869 tt,
521 4799 560 4875 A,
578 4798 631 4860 23.
646 4797 700 4859 62.
717 4793 778 4873 lat,
796 4795 827 4873 S,
841 4815 855 4858 s
867 4792 1013 4886 plural);
1029 4798 1076 4860 uui
1092 4798 1246 4860 ἐπένευσεν
1263 4790 1365 4858 eliam
1381 4791 1597 4881 reperiturin
