3625 5367
232 342 291 402 ma
744 341 773 399 l.
796 355 891 400 ulcu.
916 340 1056 412 5,66-68.

227 489 492 579 perambulabat
521 488 732 556 Samariam.
759 492 871 556 Potest
893 490 1019 556 mirum
1048 488 1159 556 videri
1184 488 1278 578 quod
1306 496 1345 556 ut
1369 512 1408 557 ex
1432 491 1569 558 Hebron

231 596 426 687 perveniret
452 595 490 662 in
514 594 759 663 Philisthaeam
782 596 874 662 viam
901 595 1063 683 selegerit
1087 618 1151 685 per
1171 596 1373 666 Samariam.
1399 597 1569 682 Credibile

232 702 373 792 quidem
388 709 450 784 est,
468 703 518 768 uti
539 701 624 769 alias
643 707 777 788 gentes,
793 705 842 769 ita
860 703 1093 770 samaritanos
1116 725 1253 791 quoque
1274 703 1436 770 Israelitis
1458 704 1568 782 mole-

231 808 330 876 stiam
347 829 495 890 creasse,
513 831 619 897 quare
640 810 760 877 Iudam
783 809 954 877 eiusmodi
972 809 1116 877 iniurias
1135 801 1290 876 ulturum
1310 809 1355 876 ad
1374 833 1494 878 eorum
1513 833 1568 878 re·

232 915 372 1003 gioncm
396 917 463 982 iter
482 915 662 996 direxisse3
679 923 831 983 attamen
850 915 970 983 detali
990 916 1131 984 consilio
1152 917 1207 982 vel
1228 922 1353 983 eventu
1370 917 1457 984 nihil
1478 916 1569 984 indi-

233 1017 331 1089 catu'r
354 1021 501 1111 simplici
525 1044 608 1088 voce
633 1030 831 1110 διεπορεύετο.
851 1027 960 1100 Quare
981 1023 1073 1112 quod
1095 1023 1204 1090 Calm.
1223 1022 1353 1112 aliique
1377 1023 1568 1113 probarunt

231 1117 445 1217 sequendum
460 1128 537 1204 erit,
560 1127 635 1195 scil.
653 1129 840 1216 legendum
855 1151 943 1210 esse,
961 1129 1049 1196 sicut
1068 1129 1232 1219 Iosephus
1250 1129 1334 1215 legit
1354 1135 1388 1196 et
1409 1135 1503 1198 vetus
1519 1131 1568 1196 la-

232 1235 306 1301 tina
322 1234 432 1301 versio
448 1234 564 1314 hahet,
584 1235 739 1316 Marisan,
759 1239 928 1324 Μαρίσσαν.
946 1235 1030 1302 Urbs
1048 1236 1133 1302 haec
1148 1237 1211 1303 sita
1227 1241 1301 1302 erat
1315 1237 1353 1302 in
1368 1237 1568 1325 campestri·

231 1341 297 1407 bus
313 1342 397 1408 luda
418 1342 493 1429 (los.
514 1345 627 1422 mat,
644 1347 772 1408 Maresa
790 1343 835 1408 ef.
858 1350 871 1408 l
899 1346 973 1408 Par.
996 1347 1092 1423 2,'a·2;
1116 1347 1223 1409 tPar.
1246 1347 1339 1422 11,8;
1364 1342 1475 1431 1θ,9);
1492 1364 1568 1409 eam

231 1445 355 1514 urbem
379 1446 513 1515 ludaeis
537 1447 640 1514 luisse
664 1447 837 1529 hostilem,
860 1455 881 1514 θ
904 1447 1010 1515 Mach.
1042 1455 1141 1527 1235
1167 1449 1337 1530 innuitur,
1361 1451 1442 1539 quia
1468 1449 1506 1515 in
1526 1469 1566 1516 ea

232 1554 374 1639 Gorgias
388 1553 522 1644 quaerit
542 1553 765 1643 praesidium.
785 1559 853 1622 Hoc
874 1555 951 1622 loco
973 1563 1273 1640 commemoretur,
1292 1554 1387 1645 quia,
1410 1554 1493 1621 dum
1511 1558 1568 1624 lu-

231 1659 293 1725 das
306 1659 386 1725 curii
400 1659 470 1726 suis
484 1659 650 1727 ditionem
666 1659 763 1726 urbis
776 1662 951 1745 transiret,
969 1661 1162 1728 sacerdotes
1179 1661 1369 1754 inconsulto
1383 1668 1417 1728 et
1433 1661 1571 1751 impru÷

230 1765 354 1833 denter
371 1787 527 1855 pugnam
551 1766 708 1835 ineuntes
730 1767 928 1834 ceciderunt
951 1789 982 1833 v.
1005 1774 1060 1834 67.
1085 1767 1200 1834 Altero
1226 1768 1383 1857 exemplo
1406 1767 1568 1836 etaltera

230 1880 345 1959 strage
365 1873 561 1952 edocentur,
590 1873 696 1940 unitis
718 1873 850 1940 viribus
875 1883 910 1940 ct
931 1873 1038 1941 ductu
1065 1878 1167 1963 atque
1192 1873 1340 1962 imperio
1368 1875 1472 1941 ludac
1494 1895 1566 1942 esse

231 1968 501 2066 procedendum.
516 1979 616 2044 ludas
628 1980 774 2045 transitu
789 2001 853 2069 per
867 1986 1030 2047 Maresam
1048 1979 1136 2047 facto
1152 1980 1253 2070 petiit
1267 1985 1411 2048 Azotum
1426 1981 1566 2048 interra

232 2083 515 2150 Philisthinorum
536 2091 570 2151 et
584 2085 764 2154 destructis
788 2085 1004 2152 idololatriae
1025 2088 1260 2153 monumentis
1277 2092 1311 2154 et
1330 2086 1449 2177 ampla
1468 2090 1565 2176 capta

232 2190 361 2279 praeda
380 2189 491 2257 victor
509 2190 612 2257 rediit
630 2191 668 2257 in
683 2191 843 2257 Iudaeam
863 2215 897 2259 ν.
918 2197 972 2258 68.
996 2197 1070 2281 lpso
1091 2214 1256 2282 prospero
1271 2215 1427 2260 successu
1442 2193 1566 2260 contir-

234 2302 348 2364 matur
359 2295 542 2364 consilium
557 2297 616 2363 uei
630 2297 724 2386 quod
738 2319 834 2364 sacer
849 2303 970 2364 auctor
982 2298 1174 2366 enuntiavit
1190 2323 1221 2365 v.
1240 2307 1295 2368 ὅθ.

605 2533 652 2588 lo.
673 2529 718 2588 De
731 2528 814 2589 obitu
827 2529 969 2590 Animam·
982 2531 1058 2608 repis
1080 2535 1192 2604 6,1-16.

268 2723 323 2784 6,1.
340 2723 373 2773 Ει
394 2738 441 2775 rer
462 2725 608 2775 Antiochus
629 2726 837 2790 perambulabat
924 2715 1089 2787 6,1.Καὶὸ
1111 2714 1234 2795 βασιλεὺς
1254 2715 1386 2795 Ἀντίοχος
1400 2713 1567 2794 διεπορεύετο

230 2814 381 2876 superiores
397 2815 518 2877 reaioaes
533 2821 558 2864 et
571 2815 678 2864 audiuit
696 2829 751 2864 esse
769 2817 837 2866 eiai-
883 2803 930 2870 τὰς
953 2804 1044 2864 ἐπάνω
1068 2805 1158 2884 χώρας
1180 2804 1226 2869 καὶ
1250 2805 1361 2876 ἤκουσεν
1384 2803 1424 2862 ὅτι
1445 2803 1514 2862 ἐστὶν
1538 2805 1565 2862 ἐν

231 2908 311 2950 tatem
336 2901 506 2965 Elymaidem
530 2903 561 2952 ia
586 2904 693 2952 Perside
719 2901 837 2955 nobilis·
883 2887 1029 2968 Ἐλυμαίδι
1044 2895 1071 2951 έν
1086 2897 1118 2968 τῇ
1136 2893 1248 2973 Περσίδι
1269 2895 1345 2960 πολις
1363 2891 1466 2961 ἔνδοξος
1483 2892 1566 2953 πλού-

229 2991 325 3038 eimam
341 2997 365 3039 et
384 2991 519 3055 copiosam
536 2993 568 3040 ia
588 2998 699 3054 aracaio
713 2999 738 3040 et
758 3005 834 3051 auro,
882 3003 931 3059 τῳ,
947 2979 1062 3061 ἀργυρίῳ
1076 2982 1121 3039 καί
1142 2982 1255 3062 χρυσίῳ,
1278 2985 1306 3042 2.
1328 2980 1374 3039 καὶ
1396 2981 1426 3040 τὸ
1444 2981 1515 3061 ἱερὸν
1535 2981 1567 3041 τὸ

230 3079 450 3142 aerumnaque
470 3081 501 3128 in
520 3093 552 3126 ea
576 3077 692 3144 locuples
706 3079 796 3140 ualde,
813 3087 836 3129 ei
886 3068 912 3124 ἐν
940 3069 1007 3147 αὐτῇ
1032 3069 1157 3128 πλούσιον
1181 3071 1291 3150 σφόδρα,
1316 3069 1361 3129 καλ
1386 3072 1441 3128 ἐκεῖ
1463 3069 1566 3147 καλύμ-

229 3167 289 3215 itlic
303 3167 440 3217 uelamina
456 3181 541 3217 aurea
555 3174 580 3216 et
596 3166 696 3218 loricae
711 3174 735 3217 et
750 3175 835 3227 ecula,
883 3179 957 3230 ματα
975 3165 1063 3236 χρυσᾶ
1082 3159 1128 3217 καὶ
1149 3157 1267 3237 θώρακες
1287 3160 1334 3218 καί
1353 3157 1424 3218 ὅπλα
1446 3158 1464 3217 δ
1485 3157 1563 3218 κατέ·

229 3269 298 3317 quae
328 3256 440 3319 reliquit
463 3255 614 3306 Aleaaader
641 3255 766 3322 Philippi
791 3270 837 3306 rea
882 3245 958 3303 λιπεν
987 3245 1155 3324 Ἀλέξανδρος
1181 3250 1194 3305 δ
1227 3246 1367 3307 Φιλίππου
1397 3245 1523 3326 βασιλεὺς
1551 3250 1566 3305 ὁ

230 3343 344 3405 racem,
359 3347 405 3407 aui
428 3347 553 3408 reaaauit
576 3347 682 3410 primus
704 3347 735 3394 ia
755 3347 836 3396 Grae·
883 3332 1027 3410 Μακεδὼν,
1043 3333 1070 3401 δς
1088 3334 1244 3396 ἐθασίλευσε
1261 3337 1363 3414 πρῶτος
1381 3339 1407 3395 ἐν
1422 3340 1475 3403 τοῖς
1490 3333 1562 3396 Ἐλ-

128 3483 131 3487 ,
229 3433 282 3482 eia.
306 3433 331 3482 3.
355 3434 388 3482 Et
415 3435 487 3482 veuit
514 3441 539 3482 et
569 3435 715 3496 quaerebat
737 3448 836 3508 'capere
881 3424 955 3495 λησι.
979 3426 1009 3484 3.
1033 3423 1086 3483 Καὶ
1107 3414 1172 3496 ἦλθε
1190 3425 1236 3482 καί
1257 3423 1342 3494 ἐζήτει
1362 3423 1564 3483 καταλαθέσθαι

229 3521 364 3570 ciuitatem
392 3527 416 3569 et
445 3522 607 3584 depraedari
637 3536 705 3584 eam,
729 3529 754 3573 et
781 3537 837 3572 aaa
882 3510 930 3579 τὴν
954 3513 1031 3571 πόλιν
1056 3512 1103 3570 καί
1126 3518 1305 3590 προνομεῦσαι
1330 3513 1424 3588 αὐτὴν,
1447 3513 1564 3572 καὶούκ

227 3609 707 3673 potuit,quoniamiuaotuitsermo
727 3611 836 3674 hirqui
881 3598 1027 3674 ἠδυνάσθη,
1051 3600 1092 3658 δἐι
1116 3602 1233 3676 έγνώσθη
1255 3605 1269 3660 δ
1293 3600 1367 3678 λύγος
1388 3605 1444 3669 τοῖς
1466 3603 1495 3659 θῑ
1518 3605 1565 3674 τῆς

228 3704 306 3747 eraut
321 3699 352 3747 iu
366 3700 490 3765 ciuitate;
505 3698 531 3749 l.
547 3702 791 3750 erimurrererum
806 3702 837 3749 ia
880 3686 994 3755 πολεως
1016 3693 1045 3750 4.
1067 3689 1113 3748 καὶ
1137 3691 1287 3760 ἀνέστησαν
1315 3691 1389 3770 αὐτῷ
1413 3693 1450 3757 εἰς
1476 3690 1560 3749 πόλε-

226 3786 374 3852 proelium3
403 3795 428 3838 et
451 3788 524 3853 [uait
547 3789 611 3838 iude
635 3796 659 3838 et
683 3789 752 3838 abiit
778 3803 836 3838 aum
882 3797 942 3850 μον,
957 3776 1004 3836 καλ
1024 3777 1103 3858 ἔφυγε
1122 3777 1168 3837 καί
1188 3779 1405 3856 ἀπῆρενίκεῑθεν
1425 3777 1493 3855 μετδι
1512 3777 1562 3837 λύ-

229 3877 344 3926 trietitia
363 3890 463 3940 maana
485 3883 508 3927 et
533 3891 654 3927 reversus
673 3884 711 3926 est
732 3879 763 3926 ia
781 3879 834 3926 Ba·
882 3885 933 3934 πηε
974 3867 1092 3943 μεγάλης
1130 3867 1297 3946 ἀποστρέψαι
1332 3868 1367 3934 είς
1402 3867 1564 3928 Batulum.

229 3964 378 4027 buteriam.
396 3967 421 4014 5.
439 3966 471 4013 Et
491 3967 564 4014 veuit
584 3966 631 4027 qui
650 3967 792 4016 auutiaret
811 3967 836 4013 ei
881 3956 913 4016 5.
931 3955 985 4014 Καὶ
1004 3945 1082 4026 ἦλθεν
1103 3955 1283 4033 ἀπαγγέλλων
1306 3978 1346 4023 τις
1367 3957 1440 4036 αὐτῷ
1461 3959 1497 4022 εἰς
1516 3956 1565 4028 τὴν

228 4053 259 4101 in
289 4053 407 4113 Perside,
434 4054 499 4114 quia
529 4054 627 4116 [ιιροια
655 4061 718 4103 auat
746 4061 836 4104 castra
885 4042 1016 4124 Περσίδα,
1031 4042 1072 4102 ὅτι
1092 4041 1272 4122 τετράπωντοιι
1292 4046 1321 4102 αἱ
1342 4044 1513 4123 παρεμθολαὶ
1535 4047 1563 4103 αἱ

228 4154 297 4203 quae
318 4146 396 4189 eram
422 4141 454 4189 ia
483 4146 555 4190 terra
578 4142 657 4202 luda,
677 4141 704 4192 6.
724 4149 749 4191 et
771 4145 837 4206 quia
881 4135 1051 4211 πορευθεῖσαι
1074 4134 1111 4198 εἰς
1133 4135 1184 4209 γῆν
1203 4130 1299 4206 Ἰούδα,
1321 4136 1351 4193 6.
1367 4133 1416 4192 καί
1436 4135 1564 4214 ἐπορεύθη

216 4229 300 4278 vabiit
315 4230 407 4292 Lusias
422 4242 481 4278 aum
496 4230 594 4279 uirtute
612 4229 679 4294 [orti
694 4231 836 4296 inprimis
882 4220 983 4288 Λυσίας
1005 4219 1116 4296 δυνάμει
1137 4220 1235 4301 ἰσχυρᾷ
1255 4223 1281 4279 έν
1301 4220 1417 4302 πρώτοις
1436 4222 1482 4281 καί
1505 4224 1563 4281 άνε·

228 4326 252 4370 et
268 4317 378 4383 [uyalus
394 4325 432 4368 est
447 4332 464 4366 a
478 4318 548 4383 faeie
564 4319 734 4380 iudaeorum,
751 4326 775 4370 et
790 4322 836 4369 ia·
882 4309 971 4384 τράπη
995 4309 1048 4368 art
1066 4308 1209 4387 προσώπου
1231 4309 1326 4382 αὐτῶν,
1348 4310 1394 4368 καί
1414 4309 1562 4390 ἐπίσχυσαν

228 4408 374 4458 valuerunt
403 4409 488 4457 armis
514 4413 539 4456 et
565 4407 671 4458 uiribus
694 4415 719 4459 et
740 4406 836 4473 spoliis
881 4400 972 4466 ὅπλοις
996 4397 1173 4474 saliarium
1196 4398 1242 4456 καὶ
1268 4398 1372 4464 σκύλοις
1393 4401 1502 4467 πολλοῖς
1526 4390 1564 4467 οἷς

228 4497 322 4547 multis
345 4510 413 4560 quae
437 4503 562 4562 ceperunt
589 4498 620 4546 de
646 4498 751 4551 castris.
768 4512 836 4561 quae
881 4486 979 4544 ἔλαθον
1005 4485 1059 4543 ἀπὸ
1080 4489 1132 4544 τῶν
1157 4484 1335 4563 παρεμύολῶν
1362 4477 1399 4546 du
1426 4486 1582 4569 ἐξέκοψαν.-

229 4588 400 4646 exciderum5
422 4587 448 4637 7.
468 4593 491 4636 et
516 4587 582 4649 auia
603 4587 749 4637 diruerunt
771 4587 836 4636 aba·
883 4580 910 4637 7.
931 4574 984 4634 Kal
1003 4575 1124 4633 καθεῖλον
1144 4575 1174 4633 τὸ
1196 4573 1332 4654 βδέλυγμα
1353 4575 1367 4633 δ
1389 4577 1560 4655 ᾠκοδόμησεν

230 4675 405 4725 minationem
432 4689 513 4738 quam
541 4676 730 4740 aedificaverat
757 4689 837 4739 super
883 4663 927 4722 ἐπὶ
948 4661 978 4721 τὸ
1000 4663 1187 4743 θυσιαστήριον
1207 4663 1237 4722 εδ
1257 4665 1284 4723 έν
1307 4661 1500 4744 Ἰερουσαλὴμ,
1518 4666 1564 4724 καί

230 4761 316 4812 altare
332 4764 474 4826 quoderat
495 4766 525 4813 ia
544 4765 700 4824 Ierusalem,
717 4771 741 4813 et
757 4778 837 4812 saue·
882 4753 913 4813 πὸ
936 4751 1059 4831 ἇγίασμα
1083 4750 1169 4818 καθὼς
1195 4751 1225 4809 εδ
1253 4750 1379 4832 πρότερον
1404 4754 1559 4814 ἐκύκλωσαν
