3625 5367
723 384 750 440 l.
775 397 867 442 ulcu.
890 383 1028 451 &ll-ld.
1505 387 1540 446 91

251 538 355 609 Quam
376 538 468 599 certo
485 531 600 599 clades
615 531 821 598 ludaeorum.
834 538 1029 622 exspectata
1046 532 1100 613 sit,
1118 538 1281 601 narratur
1294 555 1325 600 v.
1343 538 1382 600 ll
1400 526 1552 602 simulac¹

207 638 298 706 enim
320 645 529 707 mercatores
549 639 700 725 regionis
720 639 904 706 audierunt
919 661 1043 706 nomen
1061 661 1178 706 eorum
1194 641 1336 724 famam,
1353 663 1414 708 seu
1428 663 1543 709 rumo-

206 767 277 813 rem
298 745 341 813 de
366 744 458 812 hisce
477 745 579 813 rebus
599 745 740 834 (lamam
759 750 792 829 S,
809 766 840 826 s3
861 750 940 813 LXX
960 746 1064 812 etiam
1080 746 1156 834 uhtu
1178 746 1327 816 reddunt
1349 754 1441 832 ὄνομα
1456 753 1540 816 Gen.

206 859 319 935 natu.
335 857 436 919 Num.
454 857 567 935 lt,15.
586 857 605 918 3
623 856 707 938 Reg.
728 852 833 939 10,1),
848 873 920 919 sese
936 859 1103 940 pararunt
1116 854 1158 920 ad
1176 855 1387 944 emptionem
1404 855 1543 921 ludaeo-

206 979 282 1024 rum
304 980 391 1048 quos
415 963 554 1047 captum
575 957 619 1024 iri
639 982 658 1025 a
682 958 773 1045 Syris
796 964 829 1024 et
851 959 954 1047 plane
974 958 1146 1026 devictum
1170 959 1213 1025 iri
1237 984 1300 1049 pro
1323 967 1417 1028 certo
1440 961 1544 1027 habe-

205 1066 306 1143 bant3
326 1086 434 1154 quare
453 1085 569 1132 secum
589 1065 779 1131 attulerunt
797 1064 946 1133 multum
963 1065 1098 1152 argenti
1115 1071 1148 1132 et
1162 1066 1251 1147 auri,
1270 1067 1376 1133 immo
1390 1074 1541 1149 etatae,

203 1170 355 1252 ¹vincula,
371 1167 554 1261 compedes
570 1171 616 1262 (S,
635 1192 661 1253 S,
679 1180 772 1251 πέδας
790 1180 963 1258 κομίζοντες
981 1172 1143 1261 Iosephus
1164 1209 1206 1222 -
1226 1172 1361 1239 codices
1374 1172 1542 1262 praebent

205 1285 324 1361 παιδας,
352 1277 445 1364 vulg.
465 1277 615 1366 peteres),
632 1278 678 1345 ad
692 1299 806 1344 servos
825 1283 1003 1367 tamquam
1026 1279 1179 1368 captivos
1200 1279 1436 1361 abducendos;
1454 1280 1497 1346 cl.
1520 1287 1541 1345 2

205 1385 312 1450 llaoh.
326 1390 481 1465 saum.
495 1389 549 1452 st.
569 1383 709 1460 Quinam
728 1384 855 1451 luerint
867 1382 925 1450 isti
940 1391 1156 1469 mercatores,
1167 1384 1332 1452 discimus
1344 1407 1385 1452 ex
1399 1393 1420 1452 2
1434 1386 1538 1452 llach.

204 1495 302 1571 8,11;
318 1489 455 1557 miserat
470 1489 561 1557 enim
573 1489 720 1556 Nicanor
734 1490 778 1556 ad
793 1491 984 1557 maritimas
997 1490 1151 1558 civitates
1162 1490 1187 1557 i.
1200 1514 1231 1557 e.
1250 1492 1292 1558 ad
1304 1492 1538 1575 Philisthaeos,

203 1597 249 1662 ad
273 1596 406 1663 incolas
424 1595 565 1663 urbium
588 1596 873 1664 philisthaeorum
897 1597 954 1686 (cl.
971 1597 1082 1678 Stark,
1100 1599 1187 1664 Gaza
1199 1621 1234 1687 p.
1254 1598 1332 1687 325)
1349 1620 1541 1665 convocans

203 1703 245 1769 ad
268 1704 521 1792 coemptionem
540 1703 758 1770 Iudaicorum
784 1704 1048 1793 mancipiorum,
1067 1703 1273 1793 promittens
1291 1727 1326 1771 se
1350 1705 1541 1792 nonaginta

202 1809 377 1898 mancipia.
398 1810 526 1875 talento
545 1809 803 1876 distracturum.
822 1809 981 1876 Militibus
997 1832 1116 1900 ¹prope
1143 1813 1322 1877 Emmaum
1349 1811 1541 1878 constitutis

202 1937 275 1983 sese
286 1915 460 1983 coniunxit
476 1923 598 2000 δύναμις
610 1921 735 2005 Συρίας,
749 1916 949 2007 manipulus
959 1915 1106 1984 militum
1123 1921 1287 2003 Syrorum
1298 1918 1356 2006 qui
1368 1915 1405 1984 in
1416 1917 1541 1984 ludaea

202 2022 238 2088 in
268 2021 448 2111 praesidiis
471 2028 569 2089 crant
589 2021 644 2112 (cf.
673 2028 766 2105 1,36;
784 2027 882 2104 2,tt;
907 2023 1052 2090 illach.
1078 2026 1149 2110 8,6)
1171 2027 1205 2090 et
1229 2027 1365 2090 caterva
1385 2046 1426 2091 ex
1448 2030 1540 2092 terra

202 2128 494 2215 alienigenarum.
517 2134 695 2216 ἀλλοφύλων
712 2130 735 2196 i.
750 2153 781 2196 e.
805 2129 1105 2212 Philisthaeorum,
1128 2130 1177 2196 uti
1197 2134 1231 2211 S,
1249 2129 1341 2196 srite
1356 2130 1536 2210 scribitur,

202 2232 275 2302 iam
300 2234 394 2325 apud
417 2239 498 2302 Lxx
518 2235 715 2302 Philisthaei
736 2258 838 2325 saepe
863 2239 1029 2325 ἁλλὲφυλοι
1047 2235 1285 2323 designantur.
1308 2239 1473 2326 Antiquas
1497 2237 1536 2302 in

202 2340 350 2408 ludaeos
372 2341 571 2408 inimicitias
596 2343 823 2432 comprobant
851 2364 954 2432 opem
981 2343 1127 2409 ferentes
1150 2342 1196 2409 ad
1220 2341 1456 2430 subiugandos
1479 2343 1535 2409 Dei

202 2448 367 2516 cultores.
385 2449 547 2537 losephus
572 2447 679 2529 addit,
698 2449 792 2538 quod
813 2447 999 2516 verisimile
1022 2454 1082 2530 est,
1101 2447 1205 2516 etiam
1227 2451 1352 2516 multos
1374 2450 1539 2539 perfugas

203 2554 351 2622 ludaeos
377 2553 448 2620 illis
465 2577 501 2622 se
519 2554 680 2625 iunxisse.
1374 2632 1379 2639 .
1464 2631 1468 2642 ,

245 2661 353 2729 Plane
375 2661 444 2728 alia
463 2661 683 2751 praeparatio
708 2661 789 2727 belli
816 2662 968 2726 cernitur
989 2660 1083 2750 apud
1108 2659 1228 2726 ludam
1252 2661 1393 2748 eiusque
1418 2660 1537 2728 socios.

203 2773 296 2836 Bene
315 2767 379 2834 sibi
401 2768 527 2834 conscii
547 2772 627 2833 sunt
647 2765 815 2834 malorum
840 2765 1076 2853 ingruentium
1101 2765 1340 2855 multipliciter
1358 2789 1389 2831 v.
1411 2771 1469 2848 '⁸23
1492 2767 1541 2833 vi·
1595 2827 1603 2838 .

203 2875 291 2940 (lent
319 2874 434 2940 hostes
460 2883 569 2940 castra
598 2872 781 2940 collocasse
808 2872 1096 2962 (παρεμὸάλλσυσιν)
1118 2880 1149 2941 ἐν
1175 2889 1238 2954 τοῖς
1268 2881 1357 2962 ὁρίοις
1382 2880 1475 2942 αὐτῶν
1503 2873 1539 2940 ln

203 2979 333 3048 finibus
358 2983 529 3069 ipsorum;
551 2979 663 3047 sciunt
686 3001 824 3069 quoque
845 2981 945 3046 cerba
965 2979 1066 3068 repis,
1084 2979 1248 3047 mandata
1268 3001 1356 3069 quae
1376 2979 1482 3061 dedit,
1503 2986 1539 3047 ut

202 3109 242 3153 ea
273 3085 396 3153 fierent
415 3086 547 3176 populo
574 3087 776 3153 ludaeorum
802 3087 838 3152 in
864 3085 1045 3152 interitum
1078 3097 1109 3152 ct
1141 3087 1482 3169 corisummationem,
1505 3087 1541 3153 in

202 3190 345 3283 plenam
370 3191 661 3282 exstirpationem.
680 3197 802 3258 Verum
827 3191 895 3258 lide
916 3193 1059 3259 animati
1079 3214 1118 3258 ac
1138 3193 1291 3260 roborati
1313 3193 1454 3259 minime
1470 3193 1542 3260 ani-

201 3298 270 3365 mis
294 3297 503 3380 defecerunt,
525 3298 585 3366 sed
611 3300 703 3364 inter
727 3320 762 3364 se
783 3298 1053 3364 exhortabantur
1073 3319 1106 3364 v.
1135 3304 1189 3379 t3,
1214 3307 1251 3364 ut
1275 3298 1540 3365 destructionem

203 3403 324 3494 populi
336 3410 541 3484 averterent,
559 3404 795 3470 conditionem
809 3402 882 3470 eius
903 3403 1063 3470 miseram
1083 3409 1116 3469 et
1133 3425 1333 3494 oppressam
1353 3405 1537 3491 erigerent,

202 3509 341 3576 fortiter
365 3516 563 3600 pugnarent
595 3532 658 3599 pro
688 3509 798 3577 salute
830 3511 963 3599 populi,
991 3531 1055 3600 pro
1086 3509 1320 3578 incolumitate
1353 3511 1539 3577 sanctuarii

203 3615 361 3706 legisque
386 3624 539 3684 sanctae.
568 3616 664 3694 Quod
689 3620 726 3682 ut
753 3637 914 3705 prospere
942 3614 1091 3695 cederet,
1114 3618 1225 3705 prisca
1251 3615 1406 3706 exempla
1432 3616 1540 3684 secuti

203 3745 309 3813 opem
333 3724 486 3790 divinam
504 3723 747 3813 implorarunt.
770 3725 961 3789 Convocata
976 3727 1025 3788 est
1047 3724 1167 3788 concio
1188 3745 1220 3788 v.
1240 3727 1297 3804 tt3
1315 3723 1356 3788 iis
1372 3721 1538 3789 indictum

203 3836 252 3896 est
277 3832 315 3895 ut
337 3829 450 3918 parati
477 3835 589 3897 essent
610 3828 653 3895 ad
674 3828 808 3896 bellum
828 3835 861 3895 et
886 3833 925 3896 ut
949 3817 1110 3918 precibus
1138 3832 1357 3916 exposcerent
1384 3827 1538 3895 divinam

203 3935 458 4002 miserationem
480 3941 514 4002 et
532 3934 823 4017 misericordiam;
842 3955 921 4000 cum
942 3934 1100 4025 emphasi
1120 3933 1285 4003 iubentur
1300 3933 1397 4024 quasi
1413 3934 1541 4002 viscera

204 4040 263 4106 ltei
286 4041 480 4108 miserentis
506 4041 816 4131 supplicationibus
838 4025 1068 4108 commovere.

249 4147 319 4214 Sed
331 4146 415 4214 urbe
428 4153 545 4215 sancta
559 4147 604 4215 ah
619 4147 818 4214 infidelibus
833 4153 866 4215 et
881 4147 1042 4234 gentihus
1057 4155 1235 4238 occupata,
1252 4148 1415 4216 derelicta
1428 4156 1542 4216 autem

205 4275 225 4318 a
244 4254 311 4342 piis
325 4253 385 4320 Dei
402 4253 605 4337 cultoribus,
622 4260 709 4321 Deus
723 4255 758 4321 in
776 4255 850 4344 ipso
864 4255 941 4321 loco
959 4276 1063 4344 (luem
1079 4255 1183 4342 elegit
1203 4255 1246 4322 ad
1265 4278 1385 4346 preces
1404 4276 1541 4322 suorum

206 4359 396 4426 audiendas
418 4360 601 4449 implorari
624 4361 764 4451 nequit;
789 4382 896 4450 quare
925 4362 1019 4428 hunc
1043 4363 1237 4428 animorum
1264 4363 1419 4428 dolorem
1446 4382 1540 4427 sacer

207 4471 327 4532 auctor
340 4471 418 4556 apte
433 4465 592 4556 exprimit
606 4467 713 4554 lyrico
728 4467 880 4556 quodam
896 4466 1070 4534 schemate
1084 4489 1115 4535 v.
1135 4473 1173 4534 'ab
1189 4466 1488 4533 distichisduobus
1505 4471 1537 4532 et

209 4593 278 4637 uno
294 4572 448 4639 tristieho
465 4575 604 4639 inserto.
624 4573 737 4638 Primo
753 4572 955 4662 deploratur
977 4573 1126 4639 conditio
1146 4573 1253 4656 urbiS,
1270 4595 1357 4661 quae
1381 4577 1497 4663 utpote
1517 4594 1537 4638 a

209 4676 277 4764 piis
290 4679 422 4745 ludaeis
432 4679 604 4761 derelicta,
620 4700 740 4745 revera
751 4679 830 4745 filiis
844 4680 924 4760 suiS,
935 4678 1052 4746 sobole
1062 4701 1134 4761 sua,
1149 4685 1198 4744 est
1211 4677 1371 4744 destituta
1383 4679 1538 4769 adeoque

209 4780 248 4847 in
268 4783 488 4853 solitudinem
512 4785 662 4869 redacta,
686 4784 729 4852 ad
755 4805 859 4873 quam
885 4784 955 4850 iam
978 4806 1047 4851 non
1075 4784 1196 4852 haberi
1221 4791 1331 4874 potest
1354 4785 1443 4855 inter
1465 4785 1539 4876 pios
