3625 5367
750 291 777 349 t.
801 306 893 350 naon.
917 290 1058 360 9‚35-4a.
1513 298 1571 355 169

235 435 289 502 sit.
308 435 403 515 Quod
418 436 514 523 vulg.
530 437 636 504 habet
652 438 783 527 explica
805 458 813 504 :
831 444 869 504 ut
887 439 1146 507 commodarent
1170 441 1194 506 i.
1212 463 1242 508 e.
1258 447 1297 508 ut
1316 443 1571 511 committerent

236 543 295 630 (sc.
312 541 471 609 lonathas
492 549 526 609 et
544 545 649 610 trater
668 543 754 632 eius)
774 544 855 625 illis,
872 545 1090 626 NabuthaeiS,
1109 553 1315 637 apparatum
1335 571 1448 633 snum,
1466 551 1570 620 sarci-

234 669 306 732 nas,
322 648 432 719 bona„
448 654 571 716 Verum
596 656 686 718 totus
706 655 918 733 commeatus
939 652 975 716 in
998 652 1122 719 itinere
1146 653 1358 744 interceptus
1382 661 1432 722 est
1455 679 1488 722 v.
1509 663 1568 736 363

234 775 317 820 nam
334 753 398 820 filii
425 755 552 822 lambri
580 758 687 844 (varie
713 778 840 824 nomen
858 757 1000 825 effertur
1020 761 1172 847 Ιαμόρείν,
1201 761 1339 848 Ἀμόρεί,
1363 762 1527 852 Iosephus
1546 774 1571 832 οἱ·

241 861 405 949 Ἀμαρείου
418 863 552 950 παῖδες),
574 863 617 929 de
637 885 708 952 qua
724 863 830 953 stirpe
856 885 916 932 seu
935 864 1028 931 tribu
1049 865 1137 931 nihil
1158 866 1243 932 alias
1262 867 1422 952 innotuit,
1441 869 1573 956 egressi

235 989 275 1034 ex
299 965 451 1049 Madaba,
480 960 567 1035 urbe
593 970 630 1035 in
650 968 794 1056 regione
815 969 1003 1036 moabitica
1029 971 1137 1056 (Num.
1160 977 1274 1052 21‚30.
1306 979 1368 1039 tos.
1396 981 1486 1056 13,9.
1513 981 1567 1043 16.

237 1080 253 1140 1
277 1074 461 1164 Par.19,7)
480 1074 816 1164 comprehenderunt
840 1081 1003 1172 loannem
1027 1083 1060 1143 et
1084 1079 1200 1144 omnia
1218 1100 1333 1146 secum
1353 1079 1570 1147 abstulerunt

233 1178 419 1269 ipsumque
433 1181 678 1250 interfecerunt
693 1181 739 1271 (v.
756 1182 825 1272 bt).

280 1288 524 1376 Opportunitas
542 1287 732 1355 vindictam
753 1288 915 1378 capiendi
932 1311 1001 1356 non
1027 1290 1134 1359 multo
1157 1297 1235 1379 post
1256 1291 1374 1360 oblata
1394 1298 1446 1360 est
1465 1317 1497 1361 v.
1511 1301 1566 1361 37.

235 1397 320 1460 Nam
335 1394 485 1483 ‘nuntius
502 1394 629 1463 allatus
649 1399 698 1462 est
718 1383 964 1462 tribum‘iltam
983 1396 1124 1486 nuptias
1149 1396 1325 1467 celebrare
1346 1405 1380 1465 et
1394 1421 1566 1488 sponsam,

235 1498 343 1565 filiam
359 1499 462 1596 unius
485 1524 525 1567 ex
547 1501 669 1590 primis
689 1501 907 1592 principibus
925 1505 1037 1588 gentis
1059 1502 1185 1571 ducere
1207 1526 1247 1571 ex
1265 1504 1463 1588 Nadabath;
1481 1507 1568 1574 Cha-

234 1627 327 1672 naan
338 1605 394 1672 vet
411 1610 461 1673 est
477 1606 674 1694 designatio
689 1607 862 1695 generalis
874 1607 990 1698 stirpis
1003 1608 1143 1695 gentilis
1155 1610 1210 1677 vel
1227 1610 1366 1700 proprie
1383 1613 1495 1698 gentis
1514 1635 1569 1680 ca-

234 1711 438 1779 naanitioae.
464 1713 644 1781 Nadabath
670 1713 941 1804 (satatminuso.
966 1719 1005 1797 ὃς
1030 1715 1243 1783 nachalbath
1263 1716 1291 1806 s)
1315 1720 1368 1784 'est
1390 1717 1567 1805 ignotum;

236 1821 309 1901 μετὰ
330 1839 536 1908 παραπομπῆς
562 1827 700 1907 μεγάλης
719 1843 798 1888 cum
813 1843 942 1909 magno
957 1822 1134 1891 comitatu.
1152 1826 1284 1890 Fratres
1300 1823 1503 1892 machabaei
1517 1847 1571 1891 re·

235 1925 367 1992 cordati
383 1925 531 1994 iniuriae
549 1926 615 1993 sibi
633 1926 751 1994 iliatae
771 1932 805 1994 et
822 1927 936 1994 caedis
955 1928 1072 1996 fratris
1092 1929 1286 2019 (sanguinis
1299 1931 1448 2011 loannis,
1465 1953 1493 2013 s,
1511 1932 1567 2019 23)

234 2029 375 2098 insidias
388 2036 586 2101 struxerunt
598 2057 630 2100 v.
648 2041 703 2117 38,
719 2033 874 2102 absconsi
890 2034 956 2102 sub
968 2040 1171 2122 tegumento
1191 2037 1333 2120 montis;
1349 2041 1431 2104 txx
1446 2046 1462 2105 1
1481 2042 1566 2125 Reg.

236 2143 337 2219 253⁰
357 2145 387 2205 ἐν
407 2149 501 2229 σκέπῃ
517 2158 567 2208 τοῦ
589 2147 689 2229 ὅρους.
706 2145 746 2208 Et
766 2162 896 2227 magno
919 2163 997 2209 cum
1018 2142 1171 2208 tumultu
1193 2143 1328 2210 habens
1350 2144 1493 2210 multam
1515 2166 1568 2210 su-

235 2243 444 2334 pellectilem
465 2268 611 2336 sponsus
636 2268 716 2314 curn
740 2247 859 2314 amicis
882 2253 916 2314 ct
941 2247 1104 2315 tratribus
1129 2250 1293 2337 processit
1327 2255 1368 2332 εἰς
1395 2255 1567 2335 συνάντησιν

234 2357 329 2419 αὐτῶν
345 2352 382 2418 in
399 2348 577 2420 occursuin
591 2352 732 2421 illorum
751 2353 962 2421 scil.eorum
978 2354 1039 2442 qui
1053 2375 1213 2444 sponsam
1227 2356 1495 2424 comitabantur.
1515 2357 1568 2423 tlli

234 2466 350 2524 autem
370 2481 411 2524 ea
433 2459 566 2526 insidiis
587 2479 625 2526 ac
643 2458 787 2526 latebris
809 2465 1072 2550 prorumpentes
1102 2459 1139 2526 in
1162 2483 1327 2549 pompam
1349 2462 1506 2529 festivam
1526 2485 1567 2528 ex

234 2564 421 2654 improviso
439 2565 518 2632 illos
535 2567 690 2652 aggressi
714 2565 807 2632 taciti
824 2566 965 2652 negotio
985 2565 1071 2632 alios
1089 2565 1266 2650 occidunt,
1286 2566 1372 2634 alios
1391 2568 1425 2634 in
1447 2569 1567 2654 fugam

233 2670 423 2738 coniiciunt
438 2678 472 2738 et
492 2671 541 2742 ita
563 2671 681 2739 omnia
704 2676 823 2738 eorum
851 2671 961 2762 spolia
982 2671 1166 2762 acquirunt
1188 2694 1220 2739 v.
1243 2677 1297 2740 to.
1320 2674 1391 2741 Tali
1416 2673 1568 2741 vindicta

232 2776 297 2844 ulti
311 2785 391 2845 sunt
405 2778 547 2845 caedem
562 2778 679 2845 fratris
694 2785 729 2845 et
747 2800 819 2845 sese
838 2782 1045 2867 receperunt
1063 2783 1104 2860 εἰς
1124 2791 1156 2847 τὸ
1173 2786 1243 2860 ἕλος
1260 2781 1304 2846 ad
1319 2779 1480 2870 paludem
1499 2769 1567 2847 lor-

235 2883 345 2968 danis‚
360 2883 404 2952 ad
423 2884 499 2952 loca
517 2884 665 2953 demissa
683 2891 718 2952 ct
730 2884 897 2976 palustria
917 2885 1090 2965 lordonis;
1106 2887 1191 2974 vulg
1200 2885 1244 2954 ad
1265 2888 1377 2976 ripam
1394 2886 1525 2978 (χεῖλος)
1543 2893 1569 2955 Α

234 2996 268 3056 et
279 2991 410 3058 minusc
428 2999 510 3079 ἔρος,
526 2991 604 3060 Sad
618 2992 803 3061 transitum
820 2992 974 3082 (vadum)
992 2992 1201 3060 Iordanis—
1218 2993 1323 3062 bodie
1338 2994 1426 3062 illud
1441 2994 1567 3063 vadum

233 3118 342 3187 prope
357 3119 452 3165 mare
477 3104 651 3166 mortuum
668 3098 866 3189 appellatur
881 3099 914 3166 el
930 3101 1013 3166 Helu
1030 3098 1134 3187 (Ga),
1152 3120 1168 3165 s
1191 3099 1235 3166 ad
1256 3107 1395 3190 pratum
1412 3101 1503 3190 quod
1519 3107 1568 3168 est

233 3203 278 3270 ad
294 3204 474 3272 Iordanem
489 3204 644 3273 fluvium.

485 3460 513 3515 3.
537 3453 617 3530 Qatoc
636 3452 793 3513 Bataua
814 3457 914 3512 contro
934 3452 1058 3514 Iudaeos
1079 3453 1165 3530 sperit
1186 3457 1317 3527 aaa-57.

271 3625 347 3713 9,43“.
374 3654 407 3702 Et
432 3653 537 3703 audiuit
560 3653 704 3703 Bacchides
723 3659 748 3702 ct
767 3654 840 3702 canit
925 3643 1007 3710 9.d3.
1035 3639 1087 3698 Καὶ
1108 3639 1207 3710 ἤκουσε
1222 3639 1359 3718 Βακχίδης
1380 3638 1425 3697 καὶ
1446 3630 1510 3709 ἦλθε
1532 3645 1565 3718 τῇ

236 3742 278 3791 dte
292 3741 466 3792 sabbatorum
475 3756 557 3805 usqae
573 3743 609 3791 od
623 3755 698 3792 oram
713 3741 839 3791 lordonis
884 3726 974 3808 ἡμέρᾳ
991 3729 1044 3786 τῶν
1064 3726 1209 3787 subditur
1229 3727 1278 3794 ἕως
1298 3730 1350 3786 τῶν
1369 3726 1504 3805 κρηπίδων
1520 3733 1565 3787 τοῦ

234 3832 266 3880 in
285 3832 384 3881 ctrtute
402 3845 512 3894 αιαριιο.
529 3830 573 3880 tt.
589 3832 622 3880 Et
642 3832 713 3880 dixit
730 3831 765 3878 od
778 3844 840 3880 suos
885 3815 1328 3896 Ἰορδάνουὲνδυνάμειπολλῇ.44.
1340 3806 1566 3877 ΚαὶεῖπενἸωνά-

234 3920 363 3970 lonotbos
377 3934 385 3969 .·
399 3933 542 3983 surgemus
551 3926 575 3969 et
586 3933 735 3984 pupnemas
746 3927 839 3969 οονιιτο
884 3910 932 3964 dau
944 3909 997 3973 τοῖς
1009 3905 1074 3987 παρ’
1087 3907 1176 3964 αὐτοῦ·
1190 3907 1346 3982 ἀναστῶμεν
1362 3911 1408 3964 νῦν
1423 3907 1469 3964 καὶ
1486 3909 1566 3966 πολε-

234 4009 357 4058 tm'mr‘oos
377 4015 481 4058 nostros
488 4022 496 4070 ;
520 4023 577 4059 αοιι
603 4015 641 4058 est
665 4010 737 4058 enim
761 4009 839 4058 bodie
885 3995 1014 4071 μήσωμεν
1034 3993 1100 4075 ὑπὲρ
1119 3997 1172 4053 τῶν
1188 3997 1280 4076 ψυχῶν
1300 3998 1386 4069 ἡμῶν·
1403 3995 1432 4054 οὗ
1445 3995 1496 4074 γάρ
1511 3997 1567 4054 ἐστι

235 4098 303 4147 sicat
327 4099 386 4148 beri
419 4105 442 4147 et
466 4099 672 4147 nudiustertius.
706 4097 749 4147 45.
775 4097 839 4146 Ecce
885 4083 1001 4162 τήμερον
1015 4088 1050 4151 ὡς
1063 4081 1137 4164 ἐχθὲς
1148 4086 1193 4143 καὶ
1205 4083 1297 4163 τρίτην
1311 4083 1487 4164 ursimadii.
1500 4083 1566 4145 'leot

233 4188 305 4236 αιτιοι
320 4186 420 4237 bellum
434 4200 465 4236 ια
480 4187 599 4241 adverso.
617 4201 689 4249 αοιιο
704 4199 766 4235 aero
784 4192 840 4236 lor·
883 4171 935 4250 γὰρ
950 4172 1092 4249 ὁπόλεμος
1112 4172 1258 4241 ἐξεναντίας
1272 4176 1349 4248 ἡμῶν
1370 4173 1416 4231 καὶ
1434 4172 1567 4240 ἐξόπισθεν

233 4275 314 4326 donis
333 4277 396 4326 binc
414 4283 439 4326 ιι
458 4277 531 4336 inde,
546 4281 570 4324 ct
589 4277 666 4339 ripae
685 4276 711 4324 et
725 4275 838 4339 paludes
883 4264 971 4336 ἡμῶν·
993 4261 1024 4320 τὸ
1050 4257 1077 4320 δὲ
1102 4264 1172 4341 ὕδωρ
1198 4266 1243 4320 τοῦ
1268 4261 1401 4337 Ἰορδάνου
1425 4262 1497 4319 ’ἔνθεν
1521 4261 1567 4318 καὶ

235 4371 260 4428 οι
283 4365 370 4415 sottus
394 4372 418 4415 et
442 4379 500 4414 νιοη
517 4371 556 4413 ιιι
581 4364 651 4412 tosus
674 4364 836 4413 divertendi.
883 4350 957 4409 ἔνθεν
973 4351 1020 4409 καὶ
1033 4349 1091 4416 ἕλος
1109 4350 1154 4408 καὶ
1169 4351 1276 4425 δρυμὸς,
1291 4352 1338 4408 οὐκ
1354 4349 1410 4406 ἔστι
1426 4350 1506 4416 τόπος
1519 4355 1565 4407 τοῦ

237 4451 279 4502 tt.
300 4459 378 4503 Ναοι
401 4467 463 4518 erpo
485 4453 596 4502 clamore
621 4455 652 4502 in
674 4451 783 4512 coetum,
808 4460 838 4502 αι
883 4442 1013 4503 ἐκκλῖναι.
1026 4440 1075 4497 to.
1090 4441 1146 4497 Νῦν
1167 4429 1212 4496 οὖν
1233 4435 1378 4514 κικροὶξαπε
1400 4438 1435 4502 εἰς
1457 4435 1564 4515 οὐρανὸν

171 4533 177 4540 ’
236 4540 388 4593 liberemini
413 4543 443 4593 dc
478 4556 559 4592 mona
591 4541 763 4590 inimicorum
792 4553 837 4590 uc·
883 4527 954 4593 ὅπως
985 4529 1132 4596 discutite!
1161 4530 1190 4585 ἐκ
1220 4525 1309 4604 χειρὸς
1346 4527 1447 4604 ἐχθρῶν
1477 4528 1563 4600 ὑμῶν,

235 4636 360 4682 atrorum.
393 4633 426 4682 Et
458 4632 624 4682 commtssum
651 4637 688 4679 est
722 4629 833 4680 toltum.
884 4613 939 4677 Καὶ
969 4617 1083 4694 συνῆψεν
1106 4618 1119 4672 ὁ
1145 4614 1271 4688 subtuar.
1294 4617 1343 4674 d'i.
1372 4613 1424 4672 Καὶ
1456 4611 1564 4683 ἐξέτεινε

236 4717 281 4769 47.
304 4723 337 4771 m
353 4722 471 4772 extendit
489 4721 619 4770 Ionotbos
638 4731 838 4769 monamsuom
883 4704 1011 4764 Ἰωνιὶθαν
1027 4701 1074 4774 τὴν
1090 4711 1168 4782 χεῖρα
1184 4703 1264 4762 αὐτοῦ
1283 4701 1401 4772 πατάξαι
1422 4703 1466 4764 τὸν
1486 4707 1565 4766 Βακ-
1653 4707 1654 4710 ’
