3625 5367
280 390 341 448 322
792 385 821 443 ἓ.
846 401 939 446 ulcu.
964 385 1101 460 aia-m.

282 537 384 605 ambo
400 536 563 603 ludorum
583 534 687 600 etiam
709 535 1011 623 computabantur.
1030 540 1079 600 lta
1099 533 1265 601 Pindarus
1285 556 1423 624 quoque
1443 533 1486 600 de
1503 536 1615 623 olym-

280 644 388 734 piacis
422 644 531 708 utitur
558 640 706 707 dictione
738 649 933 728 πενταετηρὶς
967 648 1057 728 ἑορτά
1085 639 1149 730 (Ol.
1179 646 1298 722 10,69;
1330 643 1418 727 Gru).
1447 645 1528 708 Cum
1557 664 1616 708 rex

281 771 418 839 quoque
438 753 523 815 esset
541 767 716 837 praesenS,
732 751 831 813 lason
852 753 1089 837 opportunum
1109 747 1240 813 censuit
1258 747 1495 814 demonstrare
1514 749 1617 837 quale

280 857 424 924 haberet
443 853 594 921 studium
617 854 726 921 cultus
744 853 971 934 idololatrici;
991 853 1083 919 unde
1104 859 1249 920 vocatur
1267 875 1299 919 v.
1324 860 1365 920 19
1386 866 1401 921 ἑ
1422 862 1527 942 μιαρὲς
1542 877 1617 921 sce-

279 964 407 1029 leratus
422 962 430 1033 l
435 967 455 1028 S
470 960 714 1028 abominabilis
729 967 763 1026 et
783 960 954 1048 impurus)
968 982 974 1042 ;
993 958 1086 1026 misit
1104 959 1223 1049 itaque
1238 965 1445 1050 spectatores
1464 961 1508 1027 ab
1525 965 1617 1028 leru-

280 1069 387 1135 salam
406 1069 465 1156 qui
484 1068 661 1134 habebant
681 1067 854 1133 civitatem
873 1067 1142 1134 Antiochensem
1161 1065 1185 1132 i.
1208 1089 1237 1132 e.
1269 1067 1438 1154 Ἀντιοχεῖς
1459 1075 1557 1151 ἕντας,
1578 1068 1617 1134 in

280 1175 376 1261 iulg.
399 1177 600 1264 peccatores
632 1179 724 1240 certe
747 1179 798 1240 est
825 1173 1002 1255 mendum,
1035 1173 1111 1258 lege
1142 1177 1349 1260 spectatores
1376 1182 1522 1260 θεωρεύς,
1547 1196 1617 1263 quo

278 1281 416 1348 nomine
431 1281 670 1367 designantur,
692 1280 749 1368 qui
771 1279 877 1365 legati
894 1279 1041 1346 civitatis
1059 1300 1120 1346 seu
1139 1278 1350 1368 reipublicae
1369 1279 1414 1345 ad
1430 1281 1516 1346 festa
1532 1279 1617 1346 deo-

279 1410 359 1454 rum
383 1408 442 1453 seu
466 1386 566 1452 ludos
594 1386 739 1452 aliarum
766 1384 944 1452 civitatum
968 1385 1109 1452 honoris
1130 1407 1232 1453 causa
1254 1385 1454 1468 mittuntur;
1481 1394 1514 1452 et
1536 1387 1617 1453 talis

278 1494 406 1579 legatio
432 1502 540 1581 θεωρία
561 1491 805 1581 appellabatur
826 1491 918 1581 (vide
952 1491 1072 1558 Lexica
1099 1514 1125 1558 s.
1155 1493 1222 1573 r.l;
1247 1492 1316 1558 illis
1342 1491 1447 1559 simul
1467 1491 1617 1560 tradidit

229 1676 232 1680 ,
279 1606 376 1666 lason
407 1599 590 1666 drachmas
618 1603 806 1680 trecentas,
833 1620 919 1688 quas
946 1598 991 1664 ad
1023 1597 1228 1665 sacrificium
1257 1598 1392 1665 Herculi
1416 1598 1616 1666 laciendum

277 1707 451 1773 offerrant.
484 1705 644 1772 Hercules
680 1703 856 1792 Tyriorum
888 1703 1029 1772 Malkart
1057 1705 1257 1771 nominatur
1283 1694 1420 1795 (ntpbn,
1451 1720 1514 1796 nup
1546 1714 1615 1796 arn

277 1835 336 1878 rex
352 1812 495 1901 urhisl).
517 1809 920 1879 Summa'draohmarum
939 1818 1001 1877 300
1019 1810 1132 1877 minor
1147 1810 1281 1877 videtur
1297 1833 1401 1901 quam
1420 1834 1482 1900 pro
1497 1812 1616 1900 digni-

273 1923 345 1984 tate
363 1918 591 2007 reipublioae;
606 1922 626 1982 S
644 1922 677 1982 et
696 1923 916 1999 labamus
936 1918 1104 2006 praebent
1119 1923 1232 1985 3300.
1251 1918 1313 1996 Qui
1325 1924 1509 2007 portarunt
1522 1918 1616 1984 hanc

276 2023 459 2113 pecuniam
483 2029 598 2090 tamen
618 2023 826 2090 verebantur
850 2045 928 2089 eam
956 2023 1000 2089 ad
1022 2044 1187 2108 magnum
1208 2023 1294 2090 illud
1318 2024 1523 2091 sacrificium
1542 2048 1613 2114 pu-

274 2129 406 2198 blicum
428 2130 551 2196 offerre
576 2129 771 2218 quodcum
800 2128 1001 2196 celebritate
1027 2128 1189 2195 ludorum
1214 2132 1503 2216 coniungebatur.
1523 2134 1614 2197 Con-

273 2235 416 2304 scientia
436 2235 572 2303 sceleris
591 2234 742 2324 perculsi
761 2235 979 2324 postularunt
998 2256 1043 2302 ne
1061 2236 1100 2302 in
1117 2236 1323 2302 sacrificium
1344 2243 1547 2324 erogaretur
1563 2241 1613 2305 διὰ

275 2355 306 2410 τὶ
325 2353 363 2427 μὴ
381 2353 519 2426 καθήκειν
540 2342 622 2432 quia
640 2341 677 2408 id
695 2342 839 2408 minime
861 2342 1008 2423 deceret,
1026 2342 1085 2409 sed
1105 2343 1143 2409 in
1162 2343 1270 2411 alium
1291 2366 1403 2426 usum,
1423 2351 1553 2426 δαπάνην
1573 2347 1612 2411 in

275 2449 378 2516 aliam
404 2471 548 2539 eamque
572 2448 745 2516 diversam
774 2449 904 2538 (ἑτέραν)
931 2449 1135 2538 impensam.
1159 2455 1257 2517 lason
1282 2450 1400 2537 utique
1421 2453 1611 2540 pecuniam

274 2556 464 2624 destinarat
482 2559 518 2622 in
539 2555 761 2638 saorilicinm;
781 2577 900 2622 verum
925 2555 970 2621 oh
995 2550 1262 2645 postulationem
1286 2577 1405 2622 eorum
1430 2557 1491 2647 qui
1510 2557 1611 2624 illam

275 2664 462 2732 attulerant
482 2664 583 2730 cessit
603 2663 751 2752 pecunia
775 2665 816 2742 εἰς
841 2666 894 2742 τὰς
914 2673 971 2729 τῶν
991 2673 1120 2750 τριήρων
1146 2669 1329 2742 κατασκευάς
1344 2664 1385 2729 ad
1402 2670 1609 2753 apparatum

274 2771 413 2836 narium
438 2763 650 2836 triremium
667 2768 718 2835 Ad
745 2768 882 2857 qualem
903 2771 1129 2856 apparatum?
1150 2769 1233 2854 vulg
1254 2769 1291 2834 in
1312 2769 1498 2849 fabricam
1525 2773 1546 2836 S
1570 2776 1611 2836 ut

275 2873 485 2941 adhiberent
505 2873 707 2963 simpliciter
725 2873 770 2940 ad
792 2896 879 2963 opus
898 2896 962 2963 pro
982 2874 1172 2941 ministerio
1196 2875 1274 2941 alio.
1298 2879 1418 2942 Narrat
1440 2877 1608 2943 Arrianus

275 2980 466 3070 (Expedilio
484 2979 668 3046 Alexandri
682 2979 813 3067 mgb)
827 2985 915 3064 ‘lyro
932 2986 1098 3068 occupata
1113 3008 1129 3042 a
1147 2981 1336 3048 Alexander
1350 2981 1486 3048 llarculi
1501 2983 1608 3050 sacri-

273 3086 390 3166 ficium
417 3085 496 3152 iecit
525 3090 558 3153 et
588 3107 754 3174 pompam
785 3106 863 3151 cum
892 3085 1042 3152 exercitu
1073 3093 1206 3154 armato
1233 3087 1342 3170 misit3
1374 3111 1478 3155 naves
1502 3090 1607 3155 etiam

272 3192 406 3259 Herculi
432 3213 598 3283 pompam
625 3196 851 3282 peregerunt,
880 3200 930 3260 καὶ
954 3202 981 3261 αἱ
1003 3211 1074 3276 νῆες
1100 3198 1341 3277 ξυνεπέμπευσαν
1368 3207 1409 3282 τῷ
1439 3196 1603 3283 (ΙΙρακλεῐ,

272 3298 370 3368 ludos
397 3322 534 3390 quoque
555 3300 736 3386 gymnicos
759 3298 797 3365 in
825 3297 911 3365 aede
936 3299 1071 3366 Herculi
1092 3321 1187 3367 sacra
1208 3307 1242 3368 et
1267 3301 1456 3368 certamina
1479 3303 1606 3391 quihus

271 3405 450 3495 lampades
465 3409 638 3492 gestantes
659 3427 762 3473 cursu
777 3411 909 3472 certant
924 3405 1043 3472 edidit.
1061 3434 1076 3466 »
1090 3411 1162 3484 Qua
1176 3407 1372 3474 narratione
1391 3413 1486 3497 patet
1502 3409 1603 3474 simul

271 3534 350 3578 cuni
374 3511 542 3580 sacrificio
572 3511 732 3600 ludisque
762 3533 926 3600 pompam
951 3513 1128 3600 quandam
1154 3514 1311 3580 festivam
1335 3503 1603 3582 navium‘fuisse

270 3616 470 3686 institutam.
491 3619 583 3686 Unda
603 3617 705 3685 valde
731 3619 768 3684 lit
788 3617 970 3708 probabile
994 3619 1177 3709 pecuniam
1199 3621 1243 3687 ad
1262 3622 1317 3700 τὰς
1338 3627 1523 3701 κατασκευάς
1543 3620 1602 3687 da-

269 3729 340 3792 tam
359 3725 481 3792 referri
501 3724 544 3792 ad
564 3723 779 3792 exornandas
796 3747 858 3815 pro
876 3724 937 3790 illa
956 3746 1086 3814 pompa
1107 3747 1211 3792 naves
1227 3747 1233 3792 :
1249 3726 1294 3793 ad
1316 3734 1521 3818 apparatum
1540 3750 1600 3794 na-

272 3853 375 3898 vrum.

313 3939 523 4004 Ptolemaeus
556 3937 776 4020 Philometor,
801 3936 893 4003 filius
930 3936 1146 4027 Cleopatrae,
1175 3941 1301 4005 sororis
1332 3939 1492 4008 Antiochi
1524 3939 1601 4030 Epi-

268 4043 408 4131 phanis,
438 4049 575 4109 mortua
604 4049 712 4109 matre
740 4049 868 4110 tutores
891 4043 1016 4112 hahuit
1040 4043 1204 4112 Eulaeum
1229 4050 1263 4112 et
1289 4049 1463 4114 Lenaeum
1493 4069 1603 4136 usque

269 4148 313 4214 ad
333 4149 451 4215 aetatis
472 4170 601 4215 annum
623 4155 673 4216 lt.
691 4153 735 4214 Ea
758 4154 868 4216 aetate
889 4149 964 4238 ipse
985 4149 1318 4219 administrationem
1339 4152 1440 4240 regni
1456 4155 1603 4242 suscepit

267 4276 358 4325 anno
379 4261 440 4322 173
460 4259 538 4322 ante
559 4253 617 4320 Ch.
635 4258 674 4321 Et
688 4256 779 4322 hanc
796 4254 1101 4341 inaugurationem
1121 4258 1240 4343 regni,
1263 4260 1351 4325 hanc
1371 4259 1520 4348 primam
1536 4283 1602 4327 ses-

266 4359 409 4447 sionem,
427 4361 615 4430 Ptolemaei
629 4362 665 4427 in
685 4361 771 4429 solio
786 4383 846 4429 suo
866 4362 922 4428 vel
936 4362 1246 4452 proclamationem
1264 4365 1417 4452 intelligi
1434 4375 1601 4455 πρωτοκλί-
1640 4352 1644 4358 ’

266 4500 312 4537 aaz
331 4510 375 4520 -
394 4470 449 4536 vel
468 4478 678 4559 πρωτοκλήσια
697 4509 741 4518 -
757 4470 826 4535 iam
842 4477 975 4536 veteres
994 4476 1159 4560 putarunt
1184 4473 1238 4557 (cf.
1266 4471 1409 4560 Calmet)
1433 4479 1467 4539 et
1485 4494 1599 4539 recen·

264 4577 367 4643 tiores
395 4563 547 4644 censent.
582 4580 648 4644 llac
677 4576 786 4664 igitur
817 4577 993 4644 occasione
1022 4580 1147 4644 missus
1185 4584 1234 4644 est
1270 4578 1474 4667 Apollonius
1508 4579 1598 4646 filius

264 4683 441 4767 Mnesthei,
459 4705 564 4774 supra
583 4687 870 4750 commemoratus
885 4689 934 4750 est
948 4684 1149 4772 Apollonius
1168 4685 1258 4752 filius
1274 4687 1463 4753 Tharsaeae
1484 4693 1595 4770 3,5,·l;

266 4792 337 4867 t,t;
367 4789 521 4876 legatum
556 4791 712 4858 Antiochi
743 4789 834 4877 regis
863 4789 907 4855 ad
939 4796 1114 4860 Romanos
1142 4792 1298 4873 missum,
1322 4793 1462 4860 nomine
1494 4794 1599 4882 Apol-
