3625 5367
772 342 800 398 1.
824 355 916 400 ulcu.
940 340 1039 412 9,1-”2.
1512 343 1570 402 159

236 514 267 550 aa
287 499 363 560 allia·
387 501 428 552 18.
450 508 474 551 et
494 503 574 552 ludos
600 503 693 553 cecidit
714 510 738 552 ct
759 505 841 553 ceteri
887 487 933 548 aul
970 489 1073 558 Ἰούδος
1101 489 1180 550 ἔπεσε
1215 490 1261 550 καὶ
1289 494 1312 550 οἱ
1342 490 1433 550 λοιποὶ
1457 491 1566 572 ἔφυγον.

234 590 373 654 [operum.

274 680 316 729 19.
335 679 368 728 Et
397 681 527 729 lonctbas
550 687 574 730 et
603 682 696 730 Simon
719 680 841 730 tulerunt
929 669 977 726 l9.
994 669 1048 727 Καὶ
1067 659 1134 748 ἦραν
1148 667 1277 728 Ἰωνύθσν
1291 669 1337 728 καὶ
1352 668 1444 746 Σίμων
1463 667 1564 730 Ἰούδαν

235 768 329 817 ludam
344 768 458 833 fratrem
472 782 549 819 suum
563 776 588 818 et
602 770 767 833 sepelierant
782 783 841 818 eum
887 756 931 814 τὸν
953 756 1065 837 ἀδελφὸν
1088 759 1175 816 αὐτῶν
1196 758 1242 817 καὶ
1264 757 1364 840 ἔθαψαν
1384 757 1464 818 αὐτὸν
1486 761 1512 817 ὲν
1531 763 1568 838 τῷ

236 857 266 904 tn
279 855 419 921 sepulchro
433 865 543 921 patrum
560 872 670 908 auorum
684 860 715 907 ia
732 859 841 908 civitate
887 843 964 926 τύφῳ
1002 849 1054 904 τῶν
1089 846 1212 928 πατέρων
1251 848 1331 908 αὐτοῦ
1366 851 1392 906 ἐν
1428 843 1566 922 hloduio.

236 945 334 994 Nodin.
353 945 397 996 20.
415 947 446 995 Et
465 948 594 1009 fleverunt
613 961 671 996 eam
691 948 841 1010 omniapo-
886 934 935 992 20·
952 933 1005 994 Kal
1027 932 1159 995 ἔκλαυσαν
1183 936 1262 994 αὐτὸν
1287 935 1334 994 καὶ
1363 935 1492 1018 ἐκόψοιντο
1520 937 1568 994 αὐ·

235 1034 316 1097 palus
330 1034 417 1084 lsrael
430 1035 543 1099 planctu
561 1050 659 1099 mopso
673 1043 698 1084 ct
714 1035 841 1098 tepebant
888 1023 932 1080 τὸν
957 1029 1009 1088 πᾶς
1033 1022 1143 1102 Ἰσραὴλ
1168 1024 1279 1082 κοπετὸν
1304 1024 1388 1100 μέγαν
1416 1024 1461 1083 aul
1490 1024 1566 1085 ἐπέν·

235 1123 478 1183 disterminati.
501 1132 524 1173 ct
545 1124 842 1186 dixeruntrquomodo
888 1116 948 1170 θουν
979 1108 1081 1190 arripe<
1114 1113 1223 1183 πολλὰς,
1251 1115 1301 1173 21.
1324 1113 1369 1171 καὶ
1396 1106 1480 1171 εἶπον·
1511 1116 1568 1179 πῶς

235 1211 330 1262 cecidit
347 1219 441 1275 potem
465 1212 512 1276 qui
531 1212 636 1263 salvum
655 1213 772 1276 faciebat
791 1227 841 1276 pn·
888 1199 967 1258 ἔπεσε
991 1200 1099 1269 δυνατὸς
1120 1199 1212 1269 σώζων
1235 1199 1280 1258 τὸν
1306 1201 1427 1281 Ἰσραήλ.

233 1299 328 1363 pulum
344 1300 445 1350 lsrael!

271 1389 314 1438 11.
329 1389 362 1438 Et
377 1397 463 1440 cetera
477 1390 558 1440 verba
574 1389 704 1440 Bellorum
719 1391 801 1440 luctae
817 1397 843 1438 et
930 1379 979 1438 22.
1000 1377 1053 1438 Kal
1070 1379 1102 1437 τὰ
1120 1379 1233 1459 περισσὰ
1250 1381 1302 1438 τῶν
1319 1378 1405 1457 λόγων
1425 1374 1511 1438 Ἰούδα
1525 1384 1571 1440 καὶ

234 1478 365 1526 virtutum
398 1467 464 1540 quos
495 1479 558 1542 {ecit
591 1485 614 1528 et
642 1479 843 1542 mopnr’tmtinir
889 1469 942 1524 τῶν
957 1466 1082 1543 πολέμων
1099 1467 1144 1526 καὶ
1163 1471 1215 1526 τῶν
1231 1470 1413 1547 δνδραγαθιῶν
1430 1457 1571 1541 balucis,-

234 1567 300 1625 eiar,
320 1581 377 1616 non
399 1574 460 1616 stent
484 1568 634 1632 descripta,
657 1567 746 1618 molta
772 1569 844 1617 enim
890 1579 920 1614 σε
951 1556 996 1614 καὶ
1025 1561 1072 1626 τῆς
1098 1555 1290 1633 μεγαλωσύνης
1314 1559 1393 1616 αὐτοῦ
1426 1559 1456 1614 οὐ
1489 1580 1568 1616 κοτε-

234 1662 311 1704 crorrt
327 1655 413 1705 calda
890 1643 992 1726 γράφη.
1016 1644 1110 1705 Πολλδ
1128 1643 1179 1724 γδρ
1199 1636 1231 1716 ἦν
1253 1645 1366 1726 σφόδρα.

270 1823 302 1873 In
315 1836 344 1873 ν.
358 1824 374 1873 9
388 1840 431 1874 και
444 1839 469 1873 οι
482 1821 585 1891 adripe:
601 1840 673 1893 ημων
690 1826 844 1890 assumpsit
858 1826 904 1875 Fr.
922 1838 956 1876 ex
971 1835 991 1880 N
1007 1825 1051 1876 13.
1068 1827 1111 1875 55.
1130 1826 1167 1878 al.
1184 1827 1334 1877 lectlonem
1350 1841 1411 1894 μιτα
1425 1843 1475 1877 των
1490 1823 1566 1876 αδελ-

189 1913 198 1919 “
232 1927 284 1978 pur
299 1928 371 1980 ημων
384 1913 501 1978 praebet
516 1913 535 1964 B
550 1926 673 1979 quoque,
683 1918 722 1984 ¹et
735 1913 846 1964 videtur
860 1913 1056 1977 praeterenda,
1074 1927 1139 1964 nam
1154 1920 1185 1964 ut
1200 1928 1300 1966 sensus
1317 1915 1503 1967 exhibeatur:
1520 1929 1566 1967 re·

232 2005 374 2053 vertemur
389 2016 440 2052 nos
455 2009 484 2053 et
498 2002 598 2053 tratres
612 2005 713 2064 nostri,
730 2004 892 2054 necessario
905 2003 1021 2054 deberet
1034 2005 1102 2067 poni
1115 2018 1188 2069 ημεις
1202 2019 1245 2052 και
1257 2019 1279 2052 ω
1297 1999 1409 2070 αδελφσι.

276 2185 328 2251 Uti
356 2186 444 2252 serie
467 2186 673 2253 narrationis
697 2185 735 2252 in
752 2192 866 2275 cap.8
889 2185 1056 2254 suadetur
1084 2191 1118 2253 et
1138 2185 1182 2254 ab
1205 2187 1452 2277 interpretibus
1471 2211 1565 2255 com-

232 2289 327 2356 muni
344 2313 512 2358 consensu
533 2293 727 2374 assumitur,
745 2293 871 2378 legatio
887 2298 1032 2361 Romam
1054 2292 1154 2360 missa
1174 2298 1223 2360 est
1241 2315 1319 2360 mox
1341 2299 1416 2383 post
1429 2294 1564 2361 cladem

233 2397 404 2464 Nicanoris
418 2399 442 2465 i.
460 2421 491 2465 e.
507 2404 586 2488 post
597 2399 690 2466 diem
707 2404 747 2464 13
761 2399 853 2466 Adar
869 2405 926 2465 151
946 2422 1016 2466 aer.
1034 2401 1099 2466 Sel.
1115 2399 1139 2466 i.
1158 2423 1188 2466 e.
1205 2423 1295 2467 anuo
1311 2407 1410 2467 161n
1427 2401 1487 2469 Ch.
1507 2405 1567 2468 Be-

233 2503 374 2569 metrius
390 2503 507 2571 audita
523 2504 621 2572 clade
636 2504 701 2572 hac
719 2506 791 2572 sine
812 2505 971 2590 longiore
998 2525 1096 2570 mora
1112 2527 1236 2571 novam
1258 2506 1508 2594 expeditionem
1529 2507 1565 2572 in

231 2608 391 2676 ludaeam
412 2610 514 2693 misit,
533 2613 584 2679 uti
605 2619 662 2693 9,3
685 2612 852 2693 refertur3
873 2633 955 2678 nam
970 2632 1087 2677 mense
1103 2611 1216 2700 primo
1244 2610 1372 2700 (Nisan)
1398 2612 1479 2678 anni
1501 2619 1564 2679 152

232 2715 417 2782 Bacchides
435 2725 546 2784 eastra
570 2718 688 2808 posuit
713 2717 758 2784 ad
784 2715 982 2784 lerusalem.
1001 2716 1094 2785 Unde
1119 2739 1207 2806 quae
1228 2739 1303 2807 cap.
1322 2723 1341 2782 9
1363 2724 1562 2802 narrantur,

231 2827 327 2907 gesta
341 2827 431 2906 sunt,
453 2825 537 2891 dum
551 2825 657 2911 legati
676 2830 820 2892 Romam
835 2824 979 2913 protecti
998 2823 1036 2890 in
1050 2823 1174 2890 itinere
1190 2830 1224 2890 et
1243 2829 1370 2892 Romae
1390 2847 1565 2892 versaren-

231 2935 288 2995 tur
299 2935 333 2995 et
348 2930 448 2997 ludes
461 2929 500 2997 iu
519 2953 635 3020 pugna
649 2932 774 2999 cecidit
786 2936 975 3020 antequam
991 2930 1098 3018 legati
1112 2930 1255 2998 reduces
1270 2953 1343 2998 esse
1356 2936 1516 3020 poterant
1532 2936 1564 2999 et

231 3040 416 3126 antequam
432 3036 477 3103 ad
492 3037 699 3104 Demetrium
715 3038 775 3104 illa
790 3037 983 3127 prohibitio
994 3043 1129 3105 senatus
1148 3039 1281 3127 perlata
1298 3043 1359 3105 est.
1377 3044 1482 3106 Breve
1499 3041 1566 3106 hoc

231 3142 448 3210 intervallum
461 3145 553 3211 inter
569 3145 703 3212 cladem
723 3144 899 3211 Nicanoris
916 3144 1043 3234 (mense
1056 3145 1146 3211 Adar
1158 3144 1183 3210 i.
1201 3166 1230 3211 e.
1244 3143 1373 3232 Martio)
1391 3150 1425 3212 et
1439 3167 1564 3212 novam

233 3249 484 3339 expeditionem
495 3257 548 3332 9‚1
563 3251 738 3320 indicatur
749 3257 975 3340 quoque7,50
984 3255 1017 3317 et
1025 3250 1123 3316 siluit
1137 3255 1229 3315 terra
1244 3250 1326 3317 luda
1343 3251 1414 3316 dies
1424 3273 1561 3339 paucos.

277 3359 321 3422 oe
348 3356 447 3424 clade
474 3357 650 3424 Nicanoris
678 3356 756 3423 vide
776 3363 857 3439 ’1,13
885 3377 974 3445 seq.;
999 3377 1134 3422 rursum
1158 3355 1292 3422 mittere
1319 3355 1362 3422 cf.
1391 3361 1448 3436 7,8
1474 3376 1561 3446 seq.;

233 3461 315 3550 quid
326 3462 543 3550 intelligatur
558 3457 717 3530 dextrum
729 3484 847 3547 cornu,
868 3461 1096 3551 disceptatur}
1110 3462 1312 3529 fortissimos
1329 3460 1455 3529 milites
1474 3461 1564 3530 desi·

233 3570 331 3655 gnari
345 3568 454 3659 aliqui
468 3571 601 3650 volunt,
622 3592 702 3639 cum
714 3591 773 3636 rex
787 3568 861 3658 ipse
876 3569 1035 3636 dextrum
1060 3589 1168 3635 cornu
1189 3567 1226 3636 in
1242 3569 1314 3636 acie
1329 3569 1454 3636 ducere
1474 3571 1564 3636 sole·

235 3679 285 3741 ret
308 3675 474 3764 (Grotius,
508 3676 649 3764 calm),
670 3676 713 3743 cf.
740 3681 900 3758 9,11-11;
930 3675 990 3742 alii
1014 3674 1187 3764 explicant
1214 3675 1256 3741 de
1275 3680 1373 3764 parte
1398 3677 1565 3742 exercitus

233 3781 371 3850 dextera
392 3783 416 3849 i.
445 3807 475 3850 e.
502 3782 734 3863 meridionali,
757 3805 846 3871 quae
875 3782 1019 3872 propius
1042 3781 1204 3847 Iudaeam
1230 3803 1347 3847 versus
1367 3782 1565 3848 consisteret

234 3887 373 3977 (Weiss,
389 3891 456 3957 Fil.
475 3893 515 3957 11.
534 3891 656 3979 Nalm
671 3896 767 3980 parte
788 3888 889 3974 regni
912 3887 1141 3955 meridionali.
1165 3887 1350 3954 Bacchides
1364 3886 1477 3974 seligit
1496 3895 1565 3954 v.2

233 3995 322 4062 viam
345 4018 435 4086 quae
460 3997 555 4065 ducit
576 3997 612 4064 in
642 3996 785 4084 Galgala
816 4004 881 4064 ὁδον
906 4003 960 4078 τὴν
989 3999 1031 4075 εἰς
1061 3998 1220 4081 Γάλγαλα,
1233 3994 1270 4061 in
1294 3998 1374 4062 lxx
1393 4015 1457 4084 pro
1477 3993 1566 4062 hebr

231 4089 316 4196 baim
337 4103 430 4170 inter
441 4103 537 4171 varia
550 4104 678 4195 oppida
691 4104 762 4171 eius
774 4101 923 4169 nominis
940 4101 996 4192 (cl.
1016 4107 1077 4168 los.
1094 4107 1189 4184 t‚19;
1208 4107 1299 4186 5,1o.
1318 4105 1372 4171 Oa.
1389 4107 1467 4183 1,15
1484 4099 1565 4190 etc.)

230 4194 319 4278 illud
334 4211 400 4280 erit
413 4212 643 4298 seligendum,
658 4211 754 4301 quod
774 4210 937 4278 exercitui
956 4231 1084 4296 magno
1102 4209 1266 4277 ludaeam
1282 4231 1400 4276 versus
1418 4230 1566 4298 progre-

232 4317 338 4385 dienti
361 4320 454 4386 viam
468 4318 612 4408 praebet
628 4316 859 4385 commodam.
889 4322 1000 4405 Atque
1026 4316 1094 4383 tale
1119 4323 1168 4382 est
1190 4316 1277 4382 illud
1301 4314 1424 4402 Gilgal,
1445 4337 1565 4380 secun-

231 4424 314 4492 dum
335 4425 517 4493 Eusebium
531 4430 566 4491 et
579 4425 823 4511 Hieronymum
838 4445 895 4490 sex
913 4422 1022 4488 millia
1039 4443 1198 4511 passuum
1215 4421 1345 4488 distans
1360 4420 1405 4487 ab
1424 4419 1564 4507 Antipa-

229 4531 286 4612 tri,
302 4537 336 4599 et
361 4531 493 4622 aliquot
509 4533 612 4598 horas
634 4553 654 4597 a
672 4531 789 4595 littore
809 4529 913 4595 maris
936 4526 1192 4610 mediterranei,
1209 4525 1313 4592 hodie
1338 4523 1564 4615 probabiliter

229 4636 372 4724 liljuleh
393 4636 649 4729 (Nscildschule,
668 4636 712 4702 cl.
731 4637 788 4701 Gr.
804 4634 874 4721 K.).
894 4639 1051 4701 Ceterum
1071 4637 1103 4714 S,
1126 4655 1140 4698 s
1164 4631 1333 4722 praebent
1353 4630 1481 4698 Galaad
1500 4629 1564 4718 (uti

229 4749 283 4813 Bt.
306 4745 377 4834 93),
395 4746 579 4834 losephust
598 4754 629 4812 ἐν
656 4744 820 4832 Ἀρδήλοις
842 4749 930 4810 πόλει
953 4759 1008 4824 τῆς
1023 4743 1189 4820 Γαλιλαίας
1206 4747 1480 4828 στρατοπεδεύεται.
1496 4736 1562 4805 Sed
