3625 5367
736 338 764 395 δ.
790 351 883 396 sirmi.
909 336 1050 408 spe-36.
1501 335 1559 392 313

230 499 335 542 ruentes
352 491 400 570 Dei
420 493 529 550 uirtute,
546 491 577 540 in
591 490 792 540 dissolutionem
811 497 835 539 et
881 485 1028 562 πλαγέντας
1046 483 1094 555 τὴν
1114 490 1160 543 τοῦ
1179 487 1249 544 θεοῦ
1269 482 1377 560 δύναμιν
1394 487 1430 550 εἷς
1447 483 1553 542 ἔκλυσιν

232 582 404 647 formidinem
430 585 653 630 conserte-rentur.
677 579 720 628 25.
742 581 836 644 pra-
881 575 926 634 καὶ
936 575 1034 632 δειλίαν
1044 578 1189 653 τραπῆναι.
1201 575 1249 633 23.
1264 570 1354 653 Ὤρθη
1369 571 1420 650 γάρ
1430 570 1555 639 τιςίππος

231 673 287 720 ruit
307 672 377 719 enim
392 669 450 718 ittis
465 669 575 732 quidem
589 682 670 731 equus
688 668 835 717 terribilem
882 667 968 730 αὐτοῖς
993 662 1104 744 φοόερδν
1123 661 1191 742 ἔχων
1213 661 1257 721 τὸν
1276 660 1408 732 ἐπιόάτην
1427 660 1473 719 καί
1494 663 1559 719 καλ·

232 760 332 810 babens
360 771 498 817 sessorem,
524 758 632 821 optimis
665 759 836 822 operimentis
882 752 958 830 λίστῃ
984 756 1054 830 σαγῇ
1082 749 1333 828 διακεκοσμημένος,
1359 750 1501 831 φερόμενος
1529 752 1556 809 δὲ

232 850 394 906 adornatus,·
410 849 483 910 isque
503 860 561 895 eum
578 846 678 910 impetn
694 847 835 895 Heliodoro
883 841 963 919 ρόδην
977 841 1091 900 ἐνέσεισε
1101 843 1139 920 τῷ
1152 838 1309 921 Ἡλιοδῶριρ
1323 838 1371 906 τάς
1385 837 1558 919 ἐμπροσθίους

231 939 334 1002 priores
354 935 542 1009 ealeeselisit,·
558 937 604 998 qui
620 937 746 984 autemei
761 936 836 984 sede·
881 930 972 996 ὁπλάς·
995 935 1009 989 δ
1030 930 1057 987 δὲ
1082 928 1274 1006 ἐπικαθήμενος
1303 928 1423 1009 ἐφαίνετο
1449 931 1551 1006 χρυσῆν

233 1025 277 1074 bat
317 1026 458 1076 uidebatur
495 1039 571 1074 arma
610 1025 706 1073 babere
740 1038 833 1074 aureo.
882 1021 1029 1078 πανοπλίαν
1041 1019 1120 1097 ἔχων.
1139 1021 1188 1079 26.
1210 1017 1320 1096 Ἕτερον
1337 1017 1365 1075 δὲ
1381 1018 1427 1076 δύο
1439 1016 1556 1098 προεφά-

233 1115 276 1166 ⁶26.
293 1113 349 1164 Alii
366 1115 447 1163 etiam
461 1121 648 1177 apparuerunt
663 1114 715 1162 duo
730 1114 836 1162 iuuenes
881 1129 964 1178 νηααν
986 1109 1058 1186 αὐτῷ
1076 1107 1224 1185 νιανίαιςῇ
1241 1106 1316 1187 ριἰμῃ
1338 1106 1385 1181 μὲν
1409 1107 1557 1183 ἐκπρεπεῖς,

231 1205 330 1254 uirtute
343 1203 440 1262 decori,
455 1203 550 1267 optimi
562 1201 661 1264 pieria,
674 1203 836 1266 speciosique
881 1198 1019 1256 κάλλιστοι
1032 1197 1058 1254 δὲ
1072 1201 1105 1276 τῇ
1118 1195 1189 1274 δόξῃ,
1206 1197 1358 1275 διαπρεπεῖς
1372 1193 1459 1264 δὲτὴν
1474 1217 1554 1274 περι-

233 1295 341 1351 omietu,
358 1293 405 1354 qui
424 1292 653 1340 circumsteterunt
673 1303 739 1349 erim,
762 1297 786 1338 ee
806 1304 836 1338 ατ
883 1284 973 1355 finisfe-
987 1269 1071 1344 σίίιαὶ
1085 1285 1268 1364 παραστάντες
1281 1283 1308 1352 ἐξ
1322 1282 1446 1362 ἑκατέρου
1461 1279 1556 1362 μέρους

231 1389 344 1444 utraque
356 1387 433 1445 parte
445 1379 622 1444 ftapeiiabant
634 1381 692 1428 εἰπε
703 1379 836 1428 intermis—
882 1373 1040 1452 ἐμαστίγουν
1059 1374 1138 1432 αὐτὸν
1159 1373 1337 1439 ἀδιαλείπτως
1359 1371 1460 1438 πολλάς
1481 1374 1556 1450 ἐπιρ-

232 1473 306 1520 done
321 1469 414 1518 multis
427 1469 518 1532 pineis
533 1468 712 1518 uerberantes.
730 1469 772 1518 27.
789 1469 836 1517 Su·
883 1467 1033 1542 ριπτοῦντις
1055 1466 1126 1543 αὐτῷ
1144 1463 1259 1540 πληγάς.
1278 1465 1328 1522 27.
1350 1455 1439 1541 Ἄφνω
1462 1461 1490 1518 δὲ
1510 1483 1556 1518 m.

234 1560 288 1609 bito
302 1566 390 1608 eutem
402 1556 559 1606 Heliodorus
570 1558 684 1606 concidit
697 1558 728 1605 in
738 1564 837 1608 terram
883 1551 963 1611 σόνια
978 1551 1042 1632 πρὸς
1055 1551 1103 1622 τὴν
1116 1555 1165 1630 γῆν
1177 1551 1224 1610 καλ
1237 1552 1329 1630 πολλῷ
1343 1551 1431 1608 σκότει
1445 1571 1554 1627 περιχο.

232 1660 341 1710 eumque
357 1645 441 1696 inuita
456 1644 571 1708 eotipine
586 1645 773 1709 circumfusum
789 1659 837 1694 ra·
882 1641 959 1699 θέντα
976 1641 1193 1720 συναρπάσαντες
1206 1639 1252 1698 καλ
1266 1641 1302 1706 είς
1316 1646 1418 1719 φορεῖον
1431 1635 1553 1710 ἐνθέντες,

231 1743 348 1801 puerunt
359 1742 437 1797 atque
446 1736 476 1782 in
488 1734 556 1782 setta
566 1735 713 1797 pestatoria
720 1735 837 1799 positum
883 1731 933 1790 28,
956 1728 1000 1786 τὸν
1019 1729 1079 1808 ἄρτι
1102 1729 1170 1798 μετὰ
1191 1731 1290 1800 πολλῆς
1313 1728 1486 1806 παραδρομῆς
1508 1725 1554 1784 καί

233 1826 366 1874 νίσσονται
372 1837 380 1882 ,·
393 1823 436 1873 ts.
449 1831 472 1872 et
488 1824 510 1872 is
521 1824 568 1884 oui
578 1837 635 1872 eum
646 1823 738 1872 multis
753 1836 838 1872 curso·
882 1819 971 1890 πάσης
988 1818 1143 1897 δορυφορίας
1161 1820 1197 1883 εἷς
1219 1817 1249 1877 τὸ
1267 1816 1456 1896 προειρημένον
1477 1816 1558 1880 aggf.

231 1913 341 1962 ribuset
351 1909 515 1962 sateltitibus
524 1913 691 1975 praedictum
701 1913 838 1974 inpressas
883 1908 960 1966 δόντα
982 1906 1172 1987 γαζοφυλάκιον
1189 1904 1280 1986 ἔφερον
1300 1903 1447 1976 ἀὸοήθητον
1467 1905 1554 1981 ἑαυτῷ

233 2009 270 2051 est
286 2001 433 2060 aerarium,
451 2000 613 2064 portabatur
624 1999 702 2050 nulio
716 2000 769 2049 sibi
786 2015 836 2049 ou·
883 1999 1047 2068 καθεστῶτα,
1064 1998 1180 2075 φανερῶς
1194 1996 1241 2066 τὴν
1256 2000 1302 2054 τοῦ
1315 1998 1386 2055 Θεοῦ
1403 1991 1558 2050 δυναστείαν

232 2090 330 2138 silium
357 2088 458 2152 ferente
486 2087 631 2152 manifesse
656 2089 702 2137 Dei
730 2091 837 2151 eopnite
883 2083 1070 2162 ἐπεγνωκότες.
1091 2085 1141 2146 29.
1163 2083 1219 2144 Καὶ
1240 2086 1254 2140 δ
1278 2082 1326 2159 μὲν
1344 2080 1388 2140 διδι
1414 2080 1462 2154 τὴν
1485 2080 1558 2140 θείαν

234 2177 400 2228 νιίινιε.ἳ9.
418 2183 450 2227 Et
468 2177 633 2240 iitequidem
652 2178 838 2242 perdioinam
883 2172 1014 2254 ἐνέργειαν
1049 2173 1150 2248 ἄφωνος
1185 2177 1231 2230 καλ
1264 2171 1352 2244 πάσης
1387 2167 1560 2249 ἐστερημίνος

234 2269 358 2318 uirtutem
373 2267 476 2316 iacebat
496 2273 592 2326 mutus,
609 2273 688 2328 atque
705 2269 777 2316 omni
792 2280 837 2332 spe
884 2263 988 2328 ἐλπίδος
1009 2261 1055 2320 καί
1086 2260 1217 2340 σωτηρίας
1246 2259 1363 2340 ἔρριπτο.
1390 2260 1439 2319 30.
1469 2260 1505 2319 Οί
1529 2255 1557 2315 δέ

234 2364 256 2404 et
274 2356 360 2406 salute
378 2357 512 2420 privatus.
530 2355 573 2405 30.
588 2356 623 2402 Hi
643 2361 730 2404 autem
747 2357 838 2404 Domi·
883 2352 927 2411 τδν
951 2351 1047 2428 Κύριον
1069 2349 1190 2426 εὐλόγουν
1210 2348 1254 2407 τόν
1272 2346 1489 2428 παραδοξοίζοντα
1510 2344 1555 2403 τὸν

232 2459 297 2494 nam
326 2445 522 2502 benedicebant,
552 2446 616 2506 quia
646 2443 836 2510 moestificabat
885 2442 978 2498 ἑαυτοῦ
1000 2437 1090 2511 τόπον,
1113 2438 1209 2497 καὶτὸ
1230 2439 1318 2516 μικρῷ
1340 2436 1467 2514 πρότερον
1487 2434 1560 2498 δέους

235 2533 319 2584 loeum
346 2547 432 2594 sunm,
459 2539 483 2581 et
511 2532 638 2597 templum
657 2534 726 2594 quod
753 2532 837 2597 panto
885 2528 931 2586 καί
952 2531 1072 2607 ταραχῆς
1096 2527 1177 2604 γέμον
1194 2524 1263 2604 ίερδν
1282 2531 1328 2584 τοῦ
1346 2522 1562 2602 παντοκράτορος

234 2629 296 2672 ante
320 2623 414 2671 timore
438 2635 468 2671 ae
495 2620 610 2671 turnuttu
634 2628 691 2672 erat
717 2622 836 2685 pienum,
886 2617 1053 2697 ἐπιφανέντος
1084 2615 1191 2696 Κυρίου,
1209 2623 1295 2694 χαρᾶς
1320 2612 1366 2672 καί
1394 2610 1553 2691 εὐφροσύνης

234 2718 382 2776 apparente
403 2712 580 2774 omnipotente
602 2711 715 2760 Domino
738 2711 839 2774 paedia
886 2705 1071 2784 ἐπεπλήρωτο.

234 2791 258 2848 e't
272 2800 379 2849 laetitia
394 2799 531 2862 impletum
546 2805 594 2848 est.
679 2825 682 2832 ·

271 2887 312 2938 st.
342 2893 414 2938 Tune
442 2899 503 2936 aero
527 2900 558 2935 ese
582 2883 675 2938 amieis
700 2885 839 2935 tiebiodori
926 2880 976 2938 31.
1000 2876 1079 2954 Ταχῦ
1105 2876 1133 2934 δι’
1155 2899 1223 2940 τινες
1248 2878 1300 2933 τῶν
1328 2879 1373 2932 τοῦ
1400 2871 1563 2953 Ἡλιοδώρου

236 2977 345 3039 φαίνοιο
366 2975 498 3039 repebant
519 2975 657 3039 confestim
679 2977 785 3036 oniam,
811 2984 840 3024 nt
886 2966 1004 3038 συνήθων
1021 2965 1109 3036 ἠξίουν
1122 2964 1166 3022 τδν
1180 2964 1273 3024 Ὀνίαν
1290 2960 1498 3022 ἐπικαλέσασθαι
1515 2961 1559 3020 τὸν

236 3067 372 3115 inuocaret
387 3064 563 3125 ditissimum,
580 3065 707 3114 utoitam
726 3064 838 3114 donaret
886 3055 994 3137 ὕψιστον
1012 3054 1103 3113 καὶτὸ
1122 3055 1169 3125 ζῆν
1187 3052 1350 3134 χαρίσασθαι
1370 3054 1408 3130 τῷ
1427 3053 1563 3117 παντελῶς
1631 3114 1634 3117 ,

162 3167 167 3178 ·
236 3156 259 3203 ei
275 3155 367 3216 quiin
383 3154 692 3218 supremoepirituerat
709 3156 839 3203 eonstitu—
886 3147 913 3202 ἐν
936 3142 1035 3222 ἐσχάτῃ
1059 3148 1127 3221 πνοῇ
1151 3143 1274 3221 κειμένῳ.
1300 3143 1350 3201 32.
1372 3138 1513 3208 Ὗποπτος
1535 3141 1562 3197 δὲ

237 3251 288 3316 tus.
306 3243 348 3294 3‘2.
367 3243 545 3292 Considerans
560 3249 649 3291 autem
660 3257 776 3292 summus
791 3257 838 3290 sa·
886 3234 1045 3309 γενόμενοςὸ
1055 3229 1192 3310 ἀρχιερεὺς
1202 3230 1304 3304 μήποτε
1320 3231 1444 3307 διάληψιν
1459 3232 1473 3285 θ
1487 3233 1563 3304 βασι-

236 3333 324 3381 cordas
340 3345 373 3380 ne
390 3329 458 3396 forte
478 3344 524 3379 ree
547 3333 730 3394 suspicaretur
753 3330 840 3378 maii·
887 3321 946 3385 λεὺς
961 3323 1013 3398 σγῇ
1031 3318 1191 3396 κακουργίαν
1210 3316 1269 3375 τινὰ
1289 3315 1350 3394 περί
1367 3315 1411 3373 τὸν
1430 3313 1524 3374 Ἡλιόδ
1548 3350 1562 3358 -

237 3418 841 3484 tiamaiiquameeindoeiseireaHeliadornm
889 3432 932 3486 ρον
957 3409 1006 3466 ὑπὸ
1028 3410 1081 3465 τῶν
1091 3406 1230 3467 ,Ἰουδαίων
1248 3403 1458 3472 συντετελέσθαι,
1480 3426 1563 3479 προς-ι

237 3515 452 3568 consummatam,
480 3507 576 3557 obtulit
604 3521 654 3570 pro
675 3507 762 3556 salute
785 3509 840 3556 oiri
888 3496 971 3576 η’γαγε
990 3494 1081 3554 θυσίαν
1099 3495 1166 3573 ὑπὲρ
1181 3499 1228 3565 τῆς
1247 3501 1292 3554 τοῦ
1307 3493 1399 3572 ἀνδρὸς
1417 3493 1560 3564 σωτηρίας.

237 3599 352 3647 bostiam
363 3597 519 3647 salutarem.
536 3595 579 3646 33.
595 3597 709 3658 dumque
725 3609 841 3645 susumus
889 3589 938 3647 33.
964 3583 1127 3660 ΙΙοιουμένου
1141 3584 1169 3642 δὲ
1179 3589 1225 3641 τοῦ
1240 3582 1383 3662 ἀρχιερέως
1391 3581 1436 3639 τὸν
1446 3581 1559 3657 ἱλασμὸν

237 3687 357 3736 sacerdos
376 3692 507 3746 exoraret,
525 3685 605 3734 iidem
619 3687 727 3734 iuuenes
745 3685 843 3734 eisdem
888 3677 913 3733 οἱ
936 3675 1010 3733 αὐτοὶ
1031 3672 1133 3731 νεανίαι
1154 3673 1235 3730 πάλιν
1256 3673 1389 3750 ἐφάνησαν
1410 3675 1448 3748 τῷ
1469 3669 1562 3729 Ἡλιο-

238 3776 352 3825 oestibus
368 3777 459 3825 amicti
474 3781 593 3824 astantes
607 3773 748 3824 Heliodoro
764 3774 841 3823 diee—
889 3762 966 3844 δώρῳ
985 3766 1011 3822 ἐν
1032 3773 1089 3827 ταῖς
1113 3763 1204 3827 αὐταῖς
1219 3760 1355 3832 ἐσθήσεσιν
1380 3757 1561 3831 ἐστολισμένοι

238 3871 301 3914 rum
314 3879 321 3912 :
336 3866 419 3914 Onioe
434 3863 566 3913 sacerdoti
580 3866 685 3926 pratias
700 3877 748 3926 aye
755 3877 764 3922 ,·
777 3876 843 3924 ¹nam
888 3853 934 3910 καί
948 3852 1056 3919 στάντες
1070 3841 1151 3910 εἷπον·
1163 3850 1263 3916 πολλὰς
1276 3851 1315 3927 τῷ
1327 3847 1406 3928 Ὀνία
1420 3850 1458 3927 τῷ
1473 3849 1562 3924 ἀρχιε-

237 3959 347 4018 μιαρίαν
357 3967 415 4002 eum
425 3953 551 4002 Dominus
562 3953 613 4002 tibi
624 3953 707 4003 uitam
719 3953 840 4001 donauit.
890 3948 929 4022 ρεῖ
939 3941 1051 4021 χάριτας
1066 3940 1121 4020 ἔχε,
1138 3939 1181 3997 id
1193 3939 1245 4020 γὰρ
1260 3937 1337 3997 αθτόν
1352 3959 1392 3995 σοι
1406 3934 1563 4015 κεχάρισται

240 4041 282 4090 34.
304 4047 341 4092 Tu
361 4049 448 4092 autem
467 4057 483 4090 a
503 4043 553 4090 Deo
570 4041 721 4106 fiopeiiatns
744 4043 843 4090 nuntio
888 4029 919 4089 τδ
934 4033 980 4101 ζῆν
994 4034 1008 4088 b
1022 4029 1127 4109 Κύριος,
1142 4031 1191 4088 34.
1215 4029 1255 4088 Σὺ
1269 4027 1296 4086 δέ
1312 4025 1338 4095 ἐξ
1348 4029 1460 4106 οὐρανοῦ
1472 4048 1561 4102 μεμα-

238 4131 361 4180 omnibus
377 4130 518 4193 maonoiia
531 4131 578 4180 Dei
593 4137 616 4179 et
630 4137 795 4194 potestatem.
810 4131 843 4178 Et
889 4119 1048 4197 στιγωμένος
1067 4119 1188 4196 διάγγελε
1210 4125 1277 4176 πᾶσι
1298 4116 1328 4174 τὸ
1352 4117 1491 4195 μεγαλεῖον
1512 4119 1559 4172 τοῦ

240 4219 672 4283 bisdietisnoneomparuerunt.
690 4219 733 4269 35.
750 4219 841 4268 Helio·
888 4210 958 4268 Θεοῦ
993 4209 1099 4287 κράτος.
1125 4207 1220 4266 Ταῦτα
1248 4207 1275 4264 δέ
1305 4206 1421 4272 είπόντες
1459 4205 1564 4282 ἀφανεῖς

238 4308 318 4358 dorus
334 4314 422 4358 autem
442 4309 529 4358 boetia
545 4309 596 4358 Deo
617 4307 709 4358 oblata
729 4315 752 4356 et
774 4309 842 4358 votis
888 4298 1016 4375 ἐγένοντο.
1029 4300 1079 4358 35.
1103 4296 1137 4356 ‘0
1147 4295 1174 4354 δὲ
1185 4295 1344 4373 Ἡλιόδωρος
1358 4293 1447 4352 θυσίαν
1461 4290 1565 4367 ἀνενέγ-

240 4398 496 4461 ιιιαριιίεριοιιιίνείε
512 4398 700 4460 sianiensis
716 4396 761 4446 itti
779 4411 842 4446 eon·
889 4410 937 4451 κας
952 4389 990 4464 τῷ
1008 4386 1097 4464 ίίυρίῳ
1116 4384 1161 4442 καί
1180 4383 1259 4465 εὐχὰς
1277 4382 1403 4460 μεγίστας
1421 4375 1560 4453 εὐξάμενος

239 4487 325 4546 cessit,
349 4493 373 4535 et
393 4488 477 4534 tiniae
501 4487 605 4548 pretias
627 4499 708 4549 opens
739 4491 842 4550 recepto
888 4480 927 4556 τῷ
952 4477 982 4532 τὸ
1009 4477 1055 4545 ζῆν
1083 4473 1296 4550 περιποιήσαντι,
1324 4468 1369 4527 καὶ
1397 4467 1441 4526 τὀν
1466 4467 1560 4526 Ὀνίαν

196 4569 198 4572 ’
238 4575 354 4624 eaereiiu
369 4575 514 4639 repedabat
529 4575 563 4624 ad
580 4588 674 4636 repom.
692 4571 734 4624 36.
752 4573 840 4624 Testa·
889 4562 1082 4638 ἀποδεξάμενος
1098 4561 1353 4640 ἀνεστρατοπέδευσε
1368 4558 1432 4636 πρὸς
1448 4555 1491 4613 τὀν
1509 4563 1562 4633 βα-

169 4657 174 4668 “
240 4663 319 4714 batur
335 4671 422 4714 autem
437 4663 559 4712 omnibus
573 4677 604 4712 eo
616 4676 684 4726 quoe
696 4663 744 4712 sub
759 4663 842 4711 oeulis
889 4651 975 4713 σιλέα.
999 4653 1047 4713 36.
1072 4649 1262 4728 Ἐξεμαρτόριι
1283 4648 1310 4706 δὲ
1331 4655 1413 4706 πᾶσιν
1437 4645 1505 4724 ἅπερ
1530 4637 1562 4716 ἦν

239 4753 295 4802 suis
306 4753 411 4803 uiderat
424 4766 505 4818 opera
518 4766 616 4815 mapno
632 4753 686 4801 Dei.
889 4740 934 4798 ὕπ’
948 4739 1007 4819 όίιιν
1026 4738 1179 4815 τεθεαμένος
1192 4738 1256 4818 ἔργα
1273 4741 1317 4797 τοῦ
1336 4737 1460 4814 μεγίστου
1478 4736 1559 4795 Θεοῦ.
