3625 5367
300 340 360 398 204
803 339 831 398 l.
855 356 946 399 unca.
971 339 1132 411 raas-lt.

299 490 439 556 Plenam
459 488 599 579 quidem
618 487 816 555 libertatem
831 488 987 556 nondum
1008 487 1182 557 consecuti
1196 494 1275 556 sunt
1297 509 1304 554 :
1322 511 1382 555 arx
1398 486 1435 556 ia
1449 489 1637 557 Ierusalem

298 595 342 662 ab
358 594 565 682 alienigenis
583 603 786 684 occupatum
813 616 871 660 rex
892 595 1012 682 Syriae
1034 595 1158 662 retinet
1179 616 1352 662 summum
1369 594 1544 685 quoddam
1566 597 1637 662 im-

294 703 432 790 perium
444 702 479 768 in
493 699 631 769 ludaaa.
648 707 691 768 nt
705 702 742 768 id
757 722 902 790 proquo
918 701 1019 770 ludas
1031 702 1238 792 praeprimis
1255 703 1424 790 pugnavit
1437 701 1634 786 oblinatur;

293 808 433 875 libertas
448 808 625 894 religiosa.

578 1035 626 1092 12.
646 1031 811 1091 Demetrius
830 1049 850 1091 a
869 1029 993 1091 Iudaeis
1007 1030 1173 1110 pratayitur
1196 1037 1347 1104 lauit-53.

333 1229 424 1291 ll,38.
445 1231 477 1279 Et
497 1230 591 1280 vident
608 1229 755 1280 Demetrius
770 1243 817 1279 rea
832 1231 902 1292 quad
989 1219 1086 1290 ll,38.
1099 1219 1154 1278 Kal
1173 1207 1225 1276 alia
1243 1215 1397 1298 Δημήτριος
1413 1221 1427 1276 ὁ
1446 1217 1570 1294 βασιλεὺς
1591 1217 1636 1277 ὅτι

296 1319 375 1369 siluit
397 1326 469 1368 terra
495 1320 686 1383 incomperta
709 1332 757 1367 sua
781 1325 805 1367 et
828 1317 903 1368 ninii
949 1307 1084 1386 ἡσύχασεν
1108 1313 1125 1378 ἡ
1153 1310 1187 1384 γῆ
1224 1304 1336 1365 ἐνώπιον
1366 1309 1445 1365 αὐτοῦ
1477 1305 1522 1365 καί
1555 1309 1634 1367 οὐδὲν

298 1408 322 1455 ei
333 1409 446 1467 resistit,
456 1408 561 1456 dimisit
574 1412 657 1455 tatum
671 1408 813 1456 exereitum
825 1421 902 1456 suum
949 1395 1021 1473 αύτῷ
1042 1395 1226 1466 ἀνθειστήκει,
1248 1395 1293 1454 καλ
1320 1395 1437 1454 ἀπέλυσε
1468 1395 1556 1462 πείσας
1582 1397 1635 1464 τὰς

297 1509 508 1558 unumquemque
530 1497 561 1544 in
586 1494 670 1545 laeum
687 1509 773 1554 auum,
797 1502 901 1560 excepta
948 1485 1072 1560 δυνάμεις
1093 1487 1174 1543 αὐτοῦ
1195 1484 1307 1543 ἕκαστον
1327 1485 1363 1551 εἰς
1383 1483 1428 1542 τθν
1449 1483 1515 1543 ἴδιον
1536 1484 1632 1556 τόπονΙ

294 1586 438 1648 μετερτίιιο
457 1586 584 1644 exercitu,
611 1598 687 1646 quem
710 1585 845 1634 contraxit
867 1585 901 1633 ab
948 1572 1017 1644 πλὴν
1039 1577 1091 1631 τῶν
1115 1572 1193 1640 ξύνιον
1218 1573 1356 1650 δυνάμεων
1380 1563 1418 1631 ὧν
1441 1571 1634 1651 θξενολόγησεν

295 1672 395 1722 intulit
420 1675 556 1736 aentium;
582 1680 606 1722 et
634 1671 740 1722 inimici
772 1679 850 1723 erant
877 1675 901 1723 ei
948 1661 1002 1720 ἀπὸ
1022 1664 1073 1720 τῶν
1103 1661 1191 1732 νήσων
1218 1664 1269 1720 τῶν
1300 1664 1389 1721 ἐθνῶν·
1415 1662 1461 1721 καί
1490 1661 1633 1743 ἤχθραναν

295 1775 383 1810 amnes
398 1763 527 1814 exereitus
541 1769 651 1826 patrum
670 1763 739 1814 eius.
763 1763 806 1818 39.
831 1767 900 1824 Try-
947 1751 1020 1828 αὐτῷ
1047 1758 1133 1810 πᾶσαι
1160 1753 1187 1808 αἱ
1215 1751 1341 1828 δυνάμεις
1366 1755 1394 1809 αἱ
1421 1750 1474 1810 ἀπὸ
1497 1753 1549 1808 τῶν
1573 1776 1635 1810 πα-

292 1851 367 1913 plran
400 1859 488 1900 autem
529 1858 588 1899 erat
628 1850 738 1914 quidam
778 1853 901 1914 partium
948 1836 1029 1916 ιε’ρων
1051 1843 1140 1898 αὐτοῦ.
1160 1842 1210 1901 39.
1231 1840 1348 1921 Τρύφων
1372 1839 1400 1899 θλ
1422 1831 1456 1910 ἦν
1478 1843 1530 1897 τῶν
1552 1841 1633 1917 παρὰ

294 1937 442 1987 Alexandri
455 1941 549 2002 prium
563 1947 587 1987 at
609 1941 679 1988 aidit
700 1939 829 2002 quoniam
843 1954 900 1988 am·
948 1925 1123 2008 Ἀλιξεὶνθρου
1145 1927 1174 1986 τὸ
1198 1929 1333 2008 πρότερον·
1358 1927 1403 1987 καὶ
1424 1917 1493 1987 εἶδεν
1516 1929 1555 1986 ὅτι
1575 1938 1633 1988 πᾶ-

292 2026 339 2073 nia
364 2028 495 2076 exercitur
519 2028 706 2076 murmurabat
731 2034 825 2076 cantra
852 2027 900 2076 De·
946 2039 993 2074 σαι
1013 2019 1040 2073 al
1056 2019 1189 2091 ’δυνάμεις
1212 2017 1440 2094 καταγογγύζουσι
1462 2022 1509 2074 τοῦ
1531 2023 1632 2092 Δημη-

293 2115 427 2172 metrium,
442 2122 466 2163 et
482 2116 584 2164 intrat
599 2112 898 2175 limalaltuelArabem,
946 2103 1019 2181 τρίσυ
1049 2104 1095 2164 καὶ
1128 2106 1258 2186 ἐπορεύθη
1289 2105 1354 2185 πρὸς
1382 2106 1553 2184 Εἰμειλκουαί
1581 2107 1631 2165 τὸν

294 2204 341 2264 aui
370 2205 509 2280 nutriebat
533 2204 693 2253 Antiochum
717 2203 805 2268 filium
824 2204 900 2253 Alea-
946 2191 1066 2267 Ἀραόσ,
1094 2193 1122 2262 θς
1143 2193 1235 2274 ἔτρεφε
1265 2196 1309 2253 τὀν
1336 2195 1474 2274 Ἀντίοχον
1498 2194 1528 2253 τθ
1555 2218 1625 2253 παι-

294 2293 392 2350 andri,·
416 2292 459 2344 lo.
481 2300 506 2340 et
528 2293 663 2340 assidebat
680 2294 714 2352 ei,
738 2300 767 2342 ut
783 2294 900 2342 traderet
946 2281 1036 2361 θύριον
1060 2282 1155 2341 τὸτοῦ
1178 2281 1364 2362 Ἀλεξάνδρου.
1382 2285 1430 2344 ll).
1450 2283 1503 2342 Καὶ
1525 2284 1629 2362 προσή-

294 2394 352 2429 ευπι
376 2381 440 2444 ipai,
466 2388 494 2431 ut
519 2389 646 2445 manaret
662 2380 716 2431 laea
730 2383 819 2445 patria
845 2383 897 2440 eui,
947 2371 1033 2448 δρευεν
1051 2371 1210 2452 αὐτῷόπως
1223 2373 1342 2450 παραδοῖ
1360 2371 1439 2431 αύτθν
1457 2375 1537 2451 αὐτῷ,
1551 2374 1627 2439 ὅπως

293 2476 317 2517 et
331 2470 485 2519 enuntiavit
510 2471 535 2518 ei
555 2477 658 2532 quanta
675 2469 737 2536 {etit
753 2471 899 2520 Demetrius
948 2458 1093 2538 βασιλεύσῃ
1111 2459 1170 2519 ἀντί
1188 2467 1234 2521 τοῦ
1249 2461 1349 2540 πατρὸς
1367 2463 1457 2520 αὐτοῦ·
1471 2461 1516 2519 καλ
1533 2459 1627 2538 ἀπήγ-

292 2565 316 2607 ει
333 2559 495 2608 inimiaitiaa
512 2561 676 2609 exercituum
694 2559 751 2608 εἰιιε
772 2560 899 2609 aduersus
946 2552 1031 2624 γιιλεν
1058 2551 1130 2630 αὐτῷ
1153 2547 1202 2607 ὅσα
1225 2550 1378 2608 συνετέλεσε
1403 2549 1553 2630 Δημήτριος
1574 2551 1621 2608 καί

291 2646 379 2696 illum.
395 2648 428 2696 Et
443 2650 543 2697 mansit
558 2649 598 2697 ibi
614 2648 706 2698 diebus
722 2649 825 2698 multia.
945 2637 993 2709 τὴν
1016 2638 1113 2718 ἔχθραν
1133 2638 1165 2710 ἣν
1190 2637 1372 2718 ἐχθραίνουσιν
1396 2641 1468 2718 αύτῷ
1492 2641 1520 2697 al
1542 2639 1626 2696 δυναί-

946 2749 1003 2803 μιις
1020 2728 1111 2786 αὐτοῦ·
1133 2727 1179 2785 καλ
1196 2727 1297 2801 ἔμεινεν
1318 2728 1374 2786 ἐκεῖ
1393 2728 1494 2806 ἡμέρας
1511 2726 1624 2794 πολλιίς.

327 2822 369 2872 il.
381 2823 424 2872 ¹Et
444 2826 516 2872 misit
537 2825 665 2875 ronamas
685 2827 720 2874 ad
737 2827 897 2876 Demetrium
985 2819 1034 2876 ll.
1051 2817 1105 2876 Καὶ
1125 2816 1280 2874 ιἰπέστειλεν
1296 2814 1425 2875 Ἰυινιίθαν
1441 2815 1507 2895 πρὸς
1526 2817 1626 2892 Δημή-

289 2918 420 2972 τερειιιυε
439 2913 545 2960 eliceret
564 2926 607 2961 aaa
629 2914 675 2974 qui
695 2914 800 2962 inance
819 2922 897 2964 erant
945 2925 1016 2980 τριον
1043 2903 1087 2961 τὸν
1112 2903 1224 2979 βασιλέα
1251 2903 1296 2964 ἵνα
1320 2904 1422 2984 ἐκύάλῃ
1444 2904 1503 2972 τοὺς
1524 2907 1555 2964 ἐκ
1577 2909 1626 2977 iij<

288 3000 317 3046 in
334 2998 481 3047 Ierusalem
498 3006 522 3047 et
540 3000 586 3061 qui
602 3001 633 3048 in
645 3002 792 3064 praesidiis
807 3010 895 3061 erant,
945 2992 1027 3065 ἄκρας
1046 2992 1072 3058 ἐξ
1093 2991 1272 3070 Ἰερουσαλὴμ
1291 2992 1336 3052 καὶ
1356 2993 1415 3060 τούς
1436 2995 1463 3052 ἐν
1483 3001 1537 3060 τοῖς
1559 2996 1626 3073 ὀχυ-

287 3087 352 3148 quia
374 3088 573 3150 impugnabant
597 3087 692 3161 lsrael.
711 3087 754 3139 li.
771 3089 803 3137 Et
822 3091 896 3138 misit
944 3075 1073 3155 ρώμασιν·
1090 3071 1158 3151 ἦσαν
1174 3081 1225 3158 γθιρ
1240 3083 1417 3157 πολεμοῦντες
1435 3085 1478 3142 τὸν
1499 3081 1622 3160 Ἰσραήλ.

286 3175 433 3224 Demetrius
446 3177 481 3225 ad
496 3177 634 3226 lanathan
645 3178 818 3227 airammum
832 3179 896 3227 ltaea
944 3169 991 3226 ii.
1014 3167 1069 3227 Kal
1098 3167 1236 3227 ἀπέστειλε
1259 3171 1412 3249 Δημήτριος
1437 3171 1502 3251 πρθς
1525 3172 1624 3233 'lavi-

288 3271 395 3313 tantum
419 3264 521 3328 [ariam
543 3265 594 3315 tibi
612 3273 637 3315 et
661 3267 735 3328 aenti
759 3272 829 3327 tuae,
851 3268 895 3318 aad
943 3263 990 3315 θσν
1008 3255 1104 3334 λέγων·
1121 3263 1151 3317 ού
1175 3257 1254 3334 μόνον
1274 3263 1359 3317 ταῦτα
1383 3259 1487 3331 ποιήσοι
1511 3283 1552 3320 σοι
1576 3263 1624 3320 καὶ

288 3352 379 3415 aleria
405 3353 552 3404 illustrabo
577 3362 600 3404 te
624 3363 648 3405 et
677 3363 780 3418 aentem
807 3363 893 3417 tuam,
942 3348 980 3424 τῷ
1003 3346 1070 3406 ἔθνει
1091 3367 1149 3422 σου,
1174 3347 1242 3406 illi
1266 3345 1451 3426 θόξῃθοξιίσιο
1472 3371 1502 3407 σε
1523 3349 1570 3408 καὶ
1591 3353 1624 3408 τὸ

288 3455 347 3490 cum
365 3443 451 3505 [uerit
472 3451 662 3508 opportunum.
681 3444 723 3495 ta.
741 3450 818 3494 Nune
832 3460 894 3508 erae
942 3434 1012 3502 ἔθνος
1031 3459 1087 3508 σου,
1107 3437 1152 3495 ἐθιν
1174 3436 1307 3514 εὐκαιρίας
1328 3438 1413 3517 τύχω.
1425 3440 1475 3498 43.
1498 3440 1552 3498 Νῦν
1575 3431 1622 3498 oli

288 3537 355 3579 recte
382 3532 487 3594 fratria,
511 3533 535 3580 ει·
565 3534 672 3583 miserit
702 3535 733 3582 in
761 3535 895 3584 auxilium
941 3525 1023 3603 ὀρθῶς
1050 3524 1170 3596 ποιήσεις
1201 3524 1361 3592 ἀποστείλας
1392 3549 1437 3604 μοι
1469 3525 1565 3605 ἄνδρας
1595 3529 1622 3586 οἳ

288 3619 356 3668 milti
370 3621 453 3678 airas,
470 3622 537 3683 quia
552 3622 673 3671 discessit
695 3625 781 3671 amnia
797 3626 894 3673 eaerei·
942 3612 1151 3693 συμμαχήσουσί
1172 3638 1229 3691 μοι,
1243 3613 1284 3674 ὅτι
1305 3613 1462 3686 ἀπέστησαν
1483 3624 1570 3674 πᾶσαι
1592 3621 1621 3674 αἱ

287 3715 330 3756 tna
344 3722 427 3759 meus.
444 3709 487 3758 ll.
504 3710 537 3758 lit
561 3712 635 3760 misit
650 3711 675 3759 ei
690 3712 819 3760 lanatliar
838 3715 894 3762 tria
942 3700 1065 3776 δυνάμεις
1082 3723 1142 3777 μου.
1161 3705 1211 3762 ll.
1230 3701 1284 3760 Καὶ
1308 3703 1465 3763 ἀπέστειλεν
1491 3705 1622 3765 'latitat

288 3796 380 3846 mittit
401 3799 521 3848 virorum
545 3799 657 3862 fontum
675 3800 855 3861 anatomiam,
869 3809 894 3850 ει
942 3789 1039 3866 ἄνδρας
1058 3789 1221 3870 τρισχιλίους
1242 3791 1366 3858 δυνατούς
1390 3793 1464 3872 larii
1486 3795 1560 3874 αὐτῷ
1583 3797 1621 3861 εἰς

285 3887 467 3935 veneruntad
487 3900 574 3950 reaem
591 3895 616 3937 et
636 3887 780 3938 delectatur
795 3897 832 3940 εει
848 3904 894 3939 rea
942 3877 1112 3957 Ἀντιόχειαν,
1132 3879 1177 3938 καί
1201 3878 1317 3950 ἤλθοσαν
1341 3881 1407 3958 πρὸς
1428 3882 1472 3944 τόν
1496 3883 1621 3961 βασιλία,

286 3974 443 4046 inadventu
459 3989 561 4025 aarum.
941 3966 986 4023 καὶ
1004 3969 1142 4047 ηύρρόνθη
1164 3970 1178 4025 ὁ
1199 3968 1322 4048 βασιλεὺς
1343 3970 1387 4028 ἐπὶ
1408 3994 1441 4049 τῃ
1466 3969 1551 4052 ἐφόδῳ
1572 3973 1621 4030 αὖ·

940 4079 1004 4115 των.

321 4149 364 4199 ⁴5.
380 4150 415 4198 lit
429 4159 610 4202 conuenerunt
625 4155 762 4216 quierant
776 4157 807 4205 de
823 4157 892 4206 civi·
979 4149 1029 4205 45.
1061 4143 1115 4206 Καὶ
1145 4145 1363 4226 θπισυνήχθηοαν
1389 4149 1413 4206 οἱ
1440 4149 1471 4206 ἐκ
1496 4153 1544 4221 τῆς
1570 4149 1620 4209 πό·

286 4246 349 4299 tate,
372 4246 478 4289 aenium
497 4242 599 4302 alainti
617 4242 708 4292 millia
722 4245 853 4304 virorum,
869 4253 893 4295 et
940 4233 1005 4300 λεως
1030 4237 1065 4301 Εἷς
1087 4233 1168 4309 μέσον
1192 4238 1239 4305 τῆς
1262 4237 1364 4303 πόλεως
1385 4238 1421 4302 tlt
1443 4239 1543 4315 ύνδρῶν
1563 4238 1617 4296 δώ·

285 4327 415 4378 valebant
429 4330 579 4394 interficere
594 4345 690 4394 reaem.
715 4331 758 4382 lu.
774 4335 807 4382 Et
822 4334 893 4398 [uait
940 4322 1003 4381 θεκα
1032 4323 1161 4401 μυριιίθας
1187 4323 1235 4383 καί
1265 4323 1410 4396 ἠόούλοντο
1440 4329 1542 4386 ἀνιλεῖν
1572 4327 1618 4386 τὸν

287 4432 333 4466 rea
360 4419 392 4467 in
424 4418 517 4468 aulam
525 4433 534 4479 ;
563 4426 588 4469 et
618 4429 813 4487 aampaverunt
846 4425 893 4486 aui
940 4412 1122 4488 βασιλέα.46.
1139 4411 1194 4472 Kal
1218 4412 1313 4491 ἔφυγεν
1333 4419 1347 4474 ὁ
1370 4415 1492 4493 βασιλεὺς
1513 4418 1550 4482 εἰς
1568 4415 1617 4486 τὴν

289 4513 367 4557 erant
382 4508 537 4558 decivitate
553 4509 823 4562 itineraaivitatieet
839 4527 893 4562 eae·
939 4499 1021 4572 αὐλὴν
1051 4501 1096 4560 καί
1124 4499 1303 4561 κατελείύοντο
1329 4506 1351 4561 al
1383 4506 1413 4562 ἐκ
1441 4507 1488 4575 τῆς
1515 4505 1616 4570 πόλεως

286 4602 386 4658 parunt
412 4609 546 4661 pugnare.
579 4597 623 4650 lt.
657 4600 690 4648 Et
718 4602 823 4650 vaeavit
846 4614 893 4651 rea
939 4591 985 4656 τθις
1009 4590 1109 4656 διόδους
1130 4593 1177 4662 τῆς
1204 4591 1306 4658 πόλεως
1328 4591 1375 4650 καὶ
1398 4591 1513 4670 ἤρξαντο
1535 4595 1617 4652 πολε·

287 4685 399 4734 ludaeas
430 4687 461 4734 in
493 4687 628 4737 armiliam
661 4696 684 4736 et
713 4697 892 4740 conuenerunt
939 4687 1009 4751 μεῖν·
1029 4682 1079 4741 47.
1097 4677 1142 4738 καλ
1160 4681 1286 4739 ἐκάλεσεν
1305 4683 1319 4738 θ
1337 4680 1460 4759 βασιλεὺς
1479 4681 1617 4750 τοθςἸου-

286 4783 375 4821 amnes
398 4773 480 4823 simul
504 4776 539 4824 ad
563 4790 622 4825 eum
643 4785 668 4825 et
688 4779 806 4842 dispersi
829 4787 892 4829 sunt
939 4768 1027 4834 θαίους
1046 4768 1090 4827 ἐπὶ
1113 4767 1234 4848 βοήθειαν
1248 4768 1294 4828 καὶ
1309 4769 1525 4850 ἐπισυνήχθησαγ
1544 4771 1610 4850 πρὸς
