3625 5367
249 305 308 364 Ire
758 307 786 364 I.
811 323 903 366 naon.
928 307 1066 376 hir-re.
1095 390 1101 402 Ι

246 481 431 547 lenitatem
446 491 479 546 et
492 502 562 546 uon
581 493 655 547 erut
669 481 733 570 qui
750 481 919 571 sepeliret.
937 483 1071 550 Psalmo
1086 480 1188 548 ruina
1207 502 1227 546 a
1251 476 1430 547 Chaldaeis
1448 476 1578 544 inflicta

245 587 391 654 describi
404 587 552 655 videtur.
565 593 644 676 Ipsa
653 609 736 654 voce
760 610 881 656 carues
894 585 1091 656 sauctorum
1105 601 1241 654 tuorum
1261 599 1373 676 paron
1390 582 1575 663 Chasidim‚

244 693 487 761 assidaeorum
503 693 597 761 locus
613 694 738 784 psalmi
756 694 807 762 illi
826 695 1059 764 interfectioni
1077 692 1368 762 accommodatur.

288 800 476 867 Bacchides
490 802 631 868 recessit
641 801 881 870 abIerusalem
896 807 930 870 et
941 807 1197 871 castrametatus
1208 806 1257 868 est
1270 807 1300 866 ἐν
1316 803 1414 883 Burei
1431 799 1576 887 (Βηθζοιο

246 922 278 978 m
297 910 449 995 Βαιθζαρα
465 915 518 974 56.
541 913 581 973 19
597 912 663 975 ete.
681 912 721 991 S;
739 913 851 998 Bezaq
865 910 907 999 s),
921 909 1017 977 cuius
1033 909 1119 978 situs
1132 909 1285 976 incertus
1296 911 1358 987 est,
1370 904 1421 973 uti
1434 924 1575 984 nomem

245 1013 330 1099 vulg
348 1013 556 1094 Bethzecha;
575 1015 740 1104 Iosephus
760 1008 908 1100 Βηθζηθῶ
924 1019 1022 1102 κώμη.
1042 1019 1182 1082 Censent
1192 1014 1301 1103 aliqui
1318 1010 1493 1098 designari
1508 1009 1578 1076 eol·

248 1119 315 1186 lem
330 1121 488 1203 Bezetha,
505 1121 567 1210 qui
584 1121 683 1189 collis
697 1127 818 1211 postca
832 1122 911 1188 urbi
936 1121 1120 1190 Ierusalem
1139 1120 1322 1188 adiunctus
1337 1123 1387 1185 est
1400 1123 1576 1206 tamquam

246 1235 331 1309 καινὴ-
346 1233 434 1307 πὸλις
449 1263 491 1277 -
513 1230 628 1307 Βεζεθὰ
649 1241 682 1297 το
705 1235 869 1298 νεόκτιστον
891 1240 994 1318 μέρος,
1009 1230 1036 1296 si
1051 1249 1175 1315 graece
1196 1227 1478 1316 interpretemur3
1490 1230 1575 1305 καινὴ

245 1336 356 1419 λέγοιτ’
372 1335 405 1400 ἂν
421 1339 508 1414 πόλις
528 1333 613 1402 Bell.
636 1341 731 1417 5,t‚2
749 1374 793 1384 -
815 1332 851 1401 in
874 1358 910 1402 re
925 1335 1055 1402 incerta
1067 1334 1104 1401 id
1119 1334 1228 1402 solum
1248 1332 1317 1399 dici
1338 1336 1450 1421 potest
1463 1330 1576 1397 locum

247 1438 338 1506 haud
365 1439 551 1528 proculab
576 1441 662 1507 urbe
686 1439 800 1509 fuisse.
819 1443 854 1507 si
874 1441 1062 1532 appellatio
1091 1445 1177 1525 κώμη
1200 1445 1289 1507 recte
1313 1434 1577 1528 ponitur‚collis

245 1545 391 1612 Beretha
407 1545 559 1633 intelligi
578 1547 711 1637 nequit.
733 1547 782 1614 Ibi
807 1547 994 1616 Bacchides
1017 1547 1113 1616 iussit
1135 1544 1381 1635 comprehendi
1395 1541 1519 1609 inultos
1534 1563 1577 1608 ex

244 1651 292 1718 eis
315 1651 377 1740 qui
399 1674 422 1719 ο
447 1674 480 1719 se
499 1655 698 1743 effuperuut
725 1653 834 1744 (vulg.
851 1653 914 1722 sim
935 1659 956 1720 S
976 1675 982 1720 :
1001 1654 1063 1743 qui
1084 1661 1202 1720 eontra
1226 1674 1306 1720 eum
1332 1649 1573 1736 rebellarunt),

243 1758 371 1826 multos
383 1760 609 1849 perfugarum
625 1760 832 1850 (Iosephus),
847 1761 906 1850 qui
921 1761 995 1830 seii.
1009 1760 1213 1829 crudelitate
1227 1764 1261 1826 et
1275 1757 1420 1848 perfidia
1438 1755 1576 1823 Bacchi-

243 1865 295 1930 dis
313 1867 462 1954 pcrmoti
478 1868 521 1932 ab
544 1888 584 1933 eo
601 1866 812 1949 defecerant,
830 1869 988 1957 quamvis
1008 1873 1107 1935 antea
1130 1865 1288 1957 partibus
1306 1870 1467 1953 Syrorum
1486 1861 1575 1930 save-

242 1976 331 2037 rent.
349 1976 399 2038 Ita
425 1972 452 2037 si
476 1971 663 2039 lectionem
684 1974 865 2061 vulgarem
886 1978 937 2043 ἀπ’
955 1981 1042 2043 αὑτοῦ
1062 1973 1251 2063 sequimur.
1271 1975 1389 2038 Fertur
1405 1972 1467 2054 μετ’
1486 1973 1574 2037 αὑτοῦ

242 2076 281 2142 in
297 2095 328 2147 a.
349 2081 444 2142 Aha.
464 2082 517 2144 te.
534 2085 588 2145 52.
604 2085 647 2147 56
669 2080 732 2160 aI.;
762 2080 799 2146 in
817 2103 888 2170 qua
909 2081 1056 2148 lectione
1080 2101 1196 2147 sensus
1220 2077 1432 2169 praebetur:
1450 2073 1574 2143 multos

244 2205 283 2249 ex
304 2183 489 2270 transfugis
503 2185 561 2273 qui
585 2184 679 2275 apud
693 2186 809 2275 ipsum
830 2191 928 2253 erant
942 2187 972 2276 (s
989 2186 1137 2253 :multos
1156 2181 1419 2274 comprehendit
1439 2205 1480 2248 ex
1494 2181 1575 2248 viris

242 2289 301 2378 qui
312 2289 445 2357 adeum
462 2291 713 2380 confugerant).
728 2296 799 2368 Qua
813 2293 945 2360 ratione
965 2293 1002 2359 hi
1019 2293 1166 2383 suspecti
1186 2291 1366 2372 evaserint,
1382 2310 1454 2355 non
1466 2310 1573 2377 appa-

242 2401 306 2462 ret.
321 2397 535 2485 Quareprior
549 2397 648 2464 lectio
661 2398 711 2466 ἀπ’
727 2405 815 2467 αὑτοῦ
834 2399 1063 2489 praeferenda
1079 2399 1224 2467 videtur.
1241 2402 1382 2487 Insuper
1390 2394 1476 2463 alios
1487 2416 1573 2484 quo-

243 2524 310 2591 que
324 2523 364 2568 ex
377 2503 507 2592 populo
522 2503 598 2593 oapi
617 2503 715 2571 iussit
734 2503 881 2596 illosque
899 2527 1018 2573 omnes
1032 2515 1133 2576 ἔθυσεν
1154 2509 1196 2586 εἰς
1208 2517 1241 2574 το
1254 2515 1359 2593 ρρέσιρ,
1374 2503 1462 2569 bene
1477 2497 1570 2586 vulg.

242 2608 406 2675 resaciavit
420 2620 454 2676 et
468 2609 505 2675 iu
517 2623 662 2699 puteum
679 2633 847 2701 mopuum
860 2613 1008 2703 proiecit
1022 2635 1053 2678 v.
1080 2620 1132 2696 19,
1150 2613 1186 2679 in
1211 2611 1394 2677 cisternam
1410 2627 1572 2694 magnam

243 2716 298 2802 (cl.
315 2720 392 2781 Lxx
417 2719 482 2783 ler.
499 2722 579 2799 t1‚'1
596 2723 719 2805 ἔσφαξεν
742 2725 849 2800 αὐτοὺς
874 2723 916 2800 εἷς
936 2732 968 2790 τὲ
994 2719 1114 2809 φρέαρ),
1129 2718 1226 2786 illam
1250 2716 1321 2784 soil.
1340 2720 1456 2783 notam
1479 2712 1571 2803 apud

242 2822 378 2887 Bezeth.

284 2927 416 2995 Alcimo
431 2927 511 2995 dein
526 2929 699 2996 commisit
707 2931 885 3020 reqionem
899 2932 923 2999 i.
942 2955 972 2996 e.
990 2931 1178 3021 imperium
1199 2931 1230 2998 ei
1247 2929 1389 2997 tradidit
1404 2933 1442 2995 ut
1461 2927 1572 2994 domi-

240 3035 431 3101 nareturin
443 3040 547 3117 terra,
570 3033 614 3100 ad
627 3034 720 3125 quod
739 3038 770 3103 ei
792 3037 908 3126 copias
920 3037 1061 3127 reliquit
1080 3059 1229 3126 quarum
1244 3060 1309 3127 ope
1329 3057 1426 3103 suam
1440 3031 1572 3101 stabili-

241 3146 293 3206 ret
309 3146 508 3229 potestatem
529 3145 564 3207 et
581 3143 776 3210 resistentes
796 3145 1012 3234 reprimeret.
1030 3143 1216 3212 Bacchides
1235 3143 1328 3210 hisce
1348 3142 1449 3208 rebus
1468 3139 1572 3227 gestis

240 3244 283 3312 ad
300 3268 416 3334 regem
434 3246 535 3315 rediit
549 3270 582 3315 v.
598 3255 652 3315 20.
667 3249 818 3316 Alcimus
835 3256 951 3317 autem
966 3257 1129 3338 ἠγωνίσατο
1144 3251 1237 3317 omni
1250 3250 1283 3315 vi
1298 3247 1472 3316 contendit
1487 3268 1572 3314 asse·

241 3353 301 3442 qui
322 3352 569 3442 pontificatum.
591 3355 670 3422 Eius
693 3355 776 3422 socii
799 3362 833 3422 et
853 3357 1028 3424 adiutores
1048 3363 1145 3424 erant
1166 3359 1336 3445 quotquot
1359 3359 1531 3444 apostatae
1551 3373 1572 3420 a

239 3459 318 3543 lege
332 3459 498 3548 populum
514 3482 615 3527 suum
635 3462 902 3549 perturbabant;
924 3462 962 3529 hi
976 3462 1012 3528 iu
1033 3485 1129 3531 suam
1145 3467 1346 3552 potestatem
1368 3459 1572 3547 redigebant

239 3570 366 3630 terram
379 3570 411 3631 ct
431 3568 567 3653 magnis
581 3567 837 3635 calamitatibus
849 3569 1053 3657 affligebant
1076 3569 1178 3636 Israel
1190 3593 1223 3635 ν.
1241 3575 1295 3635 22.

494 3881 500 3890 .
530 3830 577 3885 22.
602 3825 710 3887 Couiru
722 3825 834 3888 Iudam
847 3827 975 3888 mittitur
990 3828 1125 3888 Nicanor
1147 3832 1279 3903 ure-32.

273 4047 345 4107 733.
373 4049 406 4096 lit
439 4050 508 4099 vidit
542 4049 623 4099 Iudas
649 4053 739 4099 orinia
767 4051 841 4101 motu
931 4043 1011 4112 733.
1032 4042 1085 4100 Καὶ
1101 4029 1168 4099 εἶδεν
1184 4039 1284 4106 Ἰούδας
1302 4048 1391 4098 πᾶσαν
1406 4038 1455 4110 τὴν
1471 4037 1567 4097 κακίαν

237 4133 381 4198 quoesecit
403 4135 522 4185 Alcimus
540 4145 564 4186 et
580 4139 700 4200 quicum
719 4148 841 4190 eaerum
886 4129 919 4200 ἢν
944 4131 1066 4202 ἐποίησεν
1091 4129 1219 4206 Ἀλκιμος
1241 4129 1285 4188 καὶ
1309 4131 1332 4186 οἱ
1359 4130 1417 4204 μετ’
1441 4128 1522 4185 αὑτοῦ
1542 4128 1569 4184 ἐν
1618 4192 1621 4198 ,

237 4223 303 4287 filiis
327 4223 413 4273 Israel
436 4223 519 4272 mutto
548 4225 711 4290 piusquam
734 4236 838 4290 pentem
888 4219 952 4284 υἱοῖς
971 4217 1082 4298 Ἰσραὴλ
1097 4219 1163 4296 ὑπὲρ
1181 4218 1214 4275 τὰ
1228 4217 1301 4288 ἔθνη·
1327 4221 1377 4277 24.
1398 4215 1443 4276 uui
1463 4215 1569 4287 ἐξῆλθεν

238 4311 280 4363 rt.
303 4319 326 4361 et
350 4314 416 4362 ertit
440 4315 470 4363 iu
494 4327 581 4363 carues
595 4315 660 4379 fines
681 4316 795 4366 Iudaeae
811 4319 841 4367 in
888 4309 924 4372 εἰς
936 4306 1024 4365 πάντα
1040 4305 1073 4365 τὰ
1094 4305 1152 4386 ὅρια
1172 4312 1218 4378 τῆς
1235 4306 1364 4373 Ἰουδαίας
1384 4304 1508 4364 κυκλόθεν
1522 4303 1568 4363 καὶ

236 4403 350 4452 circuitu
367 4409 392 4452 et
415 4403 479 4468 feeit
494 4404 643 4454 vindictum
663 4406 694 4454 iu
708 4406 779 4455 uiros
793 4407 840 4454 de·
887 4395 1011 4466 ἐποίησεν
1026 4393 1161 4467 ἐκδίκησιν
1182 4397 1209 4454 ἐν
1225 4396 1278 4462 τοῖς
1293 4395 1405 4474 ἀνδράσι
1424 4401 1478 4461 τοῖς
1493 4396 1569 4453 αὐτο-

237 4498 348 4541 seriores
375 4499 399 4541 et
427 4502 596 4543 cessaverunt
615 4493 689 4544 ultra
717 4496 788 4544 exire.
811 4496 841 4543 iu
888 4482 1024 4558 μολήσσισι
1052 4485 1097 4544 καὶ
1126 4485 1309 4556 ἀνεστάλησαν
1340 4489 1385 4542 τοῦ
1409 4482 1567 4562 πορεύεσθαι

237 4582 380 4643 septenam.
412 4582 455 4632 25.
493 4582 568 4632 Vidit
602 4590 690 4633 eutem
722 4583 841 4633 Alcimus
889 4575 925 4638 εἷς
939 4573 987 4644 τὴν
1001 4573 1105 4653 χώραν.
1129 4576 1178 4635 25.
1193 4572 1240 4639 Ὡς
1255 4572 1282 4630 δὲ
1300 4563 1366 4631 εἶδεν
1381 4570 1513 4650 Ἄλκιμος
1527 4569 1567 4628 ὅτι

236 4671 305 4730 quod
328 4671 484 4733 praevaluit
509 4671 590 4721 ludus
614 4680 639 4722 et
666 4673 713 4734 qui
735 4686 793 4720 rum
812 4686 841 4720 eo
888 4661 1026 4742 ἐνίσχυσεν
1042 4661 1144 4730 Ἰούδας
1157 4663 1202 4721 καὶ
1217 4665 1241 4720 οἱ
1258 4661 1316 4739 μετ’
1332 4663 1424 4732 αὐτοῦ,
1440 4661 1483 4720 κοιλ
1500 4657 1568 4738 ἔγνω

236 4763 312 4805 eruut
334 4763 358 4806 et
379 4761 500 4821 roquouit
521 4761 587 4822 quia
610 4775 665 4810 uon
689 4767 772 4825 potest
793 4775 839 4810 su·
888 4751 928 4808 ὅτι
952 4753 981 4810 οὗ
1006 4750 1116 4812 δύνασαι
1143 4754 1289 4822 ὑποστῆναι
1311 4749 1416 4822 αὐτοὺς,
1438 4748 1483 4809 καλ
1504 4745 1568 4806 ἐπέ-
