3625 5367
266 345 325 405 urs
771 342 795 399 l.
819 356 910 400 uacu.
938 341 1091 410 tarr-30.

264 499 357 546 Simon
386 496 539 561 aedificarit
568 494 675 543 Adiado
704 495 734 541 io
758 493 874 557 Septicio
919 489 1097 568 Ἀδιδὰέντῇ
1116 489 1226 569 Σεφήλᾳ
1247 489 1292 548 καὶ
1310 487 1438 568 ὠχύρωσε
1456 487 1597 568 triplicari

265 594 289 635 et
311 587 427 635 muniuit
449 599 508 633 rem
532 591 557 631 ct
581 585 708 646 imposuit
734 589 827 646 portos
849 589 872 630 rt
920 579 1048 660 μοχλούς,

265 688 348 723 seros.

309 813 509 878 Narratione
533 810 577 876 de
602 809 777 896 legatione
805 809 965 876 absoluta
987 808 1184 876 reducimur
1208 807 1245 875 in
1269 831 1302 875 v.
1330 815 1371 875 il
1397 807 1440 874 ad
1467 807 1598 874 bellum

266 919 427 987 lonathae
442 923 562 983 contra
578 915 785 983 Demetrium
802 915 858 1004 (ct.
879 915 1007 1003 ΗΜ).
1025 914 1175 982 Simulac
1191 915 1342 981 innotuit
1355 913 1458 980 duces
1477 920 1598 982 [leme-

268 1026 321 1091 trii
339 1023 453 1091 denuc
469 1022 596 1091 reverti
612 1022 721 1088 multo
737 1023 867 1088 maiora
886 1043 1031 1089 numero
1046 1021 1194 1088 militum
1216 1042 1320 1109 quam
1343 1029 1456 1099 antea,
1476 1027 1513 1087 ut
1532 1043 1599 1110 pu-

264 1136 408 1218 gnarent
431 1135 552 1198 contra
574 1130 754 1198 lonathan.
777 1130 850 1218 ipse
874 1129 992 1194 statuit
1016 1128 1100 1194 urbe
1121 1129 1243 1195 relicta
1265 1127 1396 1193 bellum
1412 1127 1598 1194 transferre

262 1238 298 1304 in
320 1239 498 1325 regionem
526 1225 678 1302 hostium
698 1258 730 1302 v.
756 1241 815 1306 25:
843 1256 952 1324 qnare
977 1234 1139 1302 exercitui
1169 1233 1282 1300 hostili
1311 1233 1450 1300 obviam
1475 1233 1537 1299 ivit
1562 1235 1598 1299 in

263 1351 391 1411 terram
417 1343 576 1423 Hamath,
603 1346 644 1422 εἷς
664 1351 717 1424 τὴν
737 1342 893 1424 Ἀμαθῖτιν
919 1344 1033 1429 χώραν,
1058 1355 1130 1406 nnn
1149 1339 1242 1429 apud
1261 1345 1339 1407 Lxx
1360 1345 1458 1407 Num.
1479 1345 1595 1418 13,·21;

264 1455 360 1530 3t‚8;
383 1454 402 1514 l
426 1455 510 1535 ch.
537 1454 777 1529 thespis-21
804 1452 917 1532 Αἱμάθ,
944 1448 1047 1514 etiam
1079 1449 1184 1531 ‘llaec
1210 1453 1229 1512 2
1256 1451 1342 1534 ch.
1359 1453 1448 1528 ·8,9·,
1472 1454 1491 1513 3
1511 1451 1594 1532 Reg.

263 1562 343 1637 8,(ὶὸ
357 1555 412 1622 vel
432 1557 531 1639 Ἀμάθ
549 1559 613 1621 etc.
630 1555 664 1620 in
686 1553 781 1641 vulg.
800 1555 934 1635 Emath‚
952 1559 1105 1643 quaeest
1126 1553 1209 1621 urbs
1223 1554 1267 1620 ad
1282 1556 1441 1620 Orontem
1455 1551 1598 1620 lluvium

262 1662 306 1729 ad
326 1661 460 1729 radices
480 1661 602 1728 Libani
623 1661 749 1727 montis
770 1661 807 1727 in
829 1661 1084 1751 septemtrione.
1108 1659 1272 1728 Celeriter
1294 1659 1455 1726 lonathas
1470 1658 1598 1726 exerci-

263 1775 335 1835 tum
358 1790 456 1836 suum
482 1767 641 1835 instruxit
666 1773 699 1834 et
722 1766 789 1834 iter
814 1770 965 1856 paravit;
993 1790 1061 1833 non
1085 1767 1179 1834 euim
1202 1765 1345 1834 dederat
1371 1765 1418 1832 eis
1446 1765 1597 1853 spolium

263 1878 372 1961 ἀνοχὴν
385 1895 528 1955 moram,
542 1873 665 1956 otium,
680 1880 718 1940 ul
732 1874 768 1940 in
782 1875 890 1963 ipsam
904 1874 1065 1941 Iudaeam
1079 1875 1257 1962 pervenire
1273 1879 1422 1962 possent.
1441 1877 1597 1940 Ceterum

262 1988 381 2047 rumo‘r
396 1980 439 2046 de
453 2001 598 2047 numero
613 1979 765 2046 hostium
781 1980 881 2046 valde
896 1986 1123 2066 exaggeratus
1136 1980 1240 2047 iuissc
1257 1979 1396 2046 videtur
1406 2017 1451 2028 —
1464 1977 1599 2045 audivit

263 2085 426 2153 lonotlms
444 2109 477 2151 v.
503 2089 545 2150 il
568 2123 611 2134 —
635 2107 717 2151 nam
741 2084 844 2182 duces
859 2086 1020 2152 Demetrii
1041 2107 1112 2151 non
1134 2085 1208 2153 ausi
1230 2085 1366 2152 suntin
1390 2093 1510 2176 aperta
1526 2086 1598 2152 acie

264 2192 405 2260 ludaeos
421 2191 570 2279 aggredi
592 2197 627 2258 et
651 2212 727 2258 mox
750 2213 822 2258 sese
840 2197 1046 2282 receperunt
1070 2193 1152 2259 tecti
1173 2195 1282 2259 noctis
1304 2193 1459 2258 tenebris
1481 2215 1512 2258 v.
1540 2197 1594 2258 ³28.

263 2299 422 2366 Ionathas
431 2297 544 2365 missis
560 2297 834 2387 exploratoribus
849 2299 975 2365 certior
990 2298 1100 2366 factus
1111 2306 1160 2366 est
1176 2300 1291 2366 hostes
1306 2305 1408 2365 noctu
1420 2299 1598 2388 inopinato

262 2411 374 2473 castra
390 2405 535 2491 aggredi
552 2405 639 2472 velle
652 2427 685 2472 v.
703 2411 757 2471 26.
774 2411 883 2483 Quare
898 2427 977 2473 snos
992 2405 1136 2492 vigilare
1151 2411 1369 2493 armatosque
1386 2405 1428 2471 ad
1444 2425 1596 2494 pugnam

262 2534 335 2580 esse
354 2517 491 2602 paratos
507 2511 752 2601 expeditosque
769 2511 866 2578 iussit
884 2519 918 2578 et
941 2512 1094 2602 undique
1119 2514 1211 2578 circa
1229 2518 1342 2580 castra
1361 2511 1517 2578 custodes
1532 2533 1597 2600 po·

262 2618 342 2701 snit,
360 2618 421 2708 qni
434 2618 549 2685 statim
564 2618 677 2684 hostes
689 2619 1008 2708 appropinquantes
1021 2621 1223 2687 nuntiarent
1237 2643 1268 2684 v.
1287 2625 1341 2686 27.
1359 2623 1468 2686 Unum
1484 2617 1597 2684 omisit

263 2724 356 2814 quod
377 2726 491 2791 hostes
511 2747 581 2790 non
597 2726 789 2791 omiserunt
811 2731 937 2793 :nocte
953 2726 1137 2812 ingruente
1157 2726 1270 2792 hostes
1284 2747 1346 2815 per
1365 2725 1597 2814 exploratores

263 2830 447 2898 audierunt
468 2830 611 2897 ludaeos
626 2831 663 2897 in
688 2831 807 2898 castris
829 2840 968 2920 paratos
993 2854 1063 2900 esse
1081 2832 1123 2898 ad
1148 2831 1278 2899 bellum
1300 2837 1341 2912 εἰς
1364 2839 1509 2914 etlapsa.
1529 2852 1597 2896 non

260 2937 378 3026 itaque
393 2958 471 3003 cum
481 2935 522 3003 iis
535 2938 700 3024 congredi
710 2939 795 3019 ausi,
815 2959 933 3004 verum
949 2943 1022 3005 arte
1040 2937 1189 3028 quadam
1207 2937 1290 3005 belli
1308 2939 1356 3004 usi
1368 2936 1597 3004 accenderunt

260 3044 355 3130 focos
374 3042 548 3108 incastris
564 3042 635 3109 sois
656 3049 691 3109 et
710 3042 846 3109 silentio
862 3049 896 3110 et
917 3043 1032 3133 quiete
1052 3044 1163 3111 noctis
1178 3049 1369 3132 ἀνεχώρησαν
1391 3045 1480 3111 clam
1498 3051 1596 3130 terga

262 3149 444 3230 dederunt,
459 3171 494 3216 se
508 3157 724 3239 receperunt.
742 3152 902 3216 Ionathas
917 3155 1044 3234 autem,
1060 3171 1139 3217 cum
1153 3157 1262 3218 castra
1276 3151 1415 3238 ignibus
1428 3149 1597 3237 fulgentia

263 3256 406 3336 videret,
426 3255 514 3322 nihil
534 3255 577 3322 de
593 3257 676 3342 fuga
692 3277 812 3323 eorum
832 3258 1025 3346 suspicatus
1040 3263 1101 3323 est.
1124 3262 1282 3325 Attamen
1302 3257 1399 3324 ducis
1418 3257 1596 3346 prudentis

262 3362 327 3430 luit
344 3363 458 3428 iacere
478 3362 573 3452 quod
590 3364 704 3429 hostes
721 3363 894 3444 fecerunt,
921 3363 981 3454 qui
1001 3385 1061 3452 per
1077 3365 1309 3454 exploratores
1330 3364 1527 3432 didicerunt
1542 3369 1596 3429 lu·

261 3468 364 3535 daeos
379 3469 415 3534 in
427 3469 546 3536 castris
560 3469 684 3556 vigiles
696 3491 767 3536 esse
780 3469 822 3535 ad
838 3491 1009 3558 pugnam;
1027 3493 1133 3560 quare
1149 3492 1220 3536 non
1236 3470 1308 3560 ipse
1325 3492 1464 3560 quoque
1480 3469 1596 3559 explo-

262 3573 352 3640 ravit
375 3575 459 3662 quid
482 3575 519 3640 in
540 3575 659 3642 castris
680 3574 1033 3662 hostium-ageretur?
1051 3577 1145 3654 Quod
1166 3583 1286 3644 auctor
1308 3577 1455 3644 scribit:
1476 3577 1596 3643 timue·

262 3694 344 3746 rum
359 3687 423 3748 ctc.
447 3681 569 3748 merito
587 3682 692 3748 inlert
708 3705 747 3749 ex
767 3683 850 3769 fuga
865 3683 1030 3750 hostium.
1049 3683 1136 3749 lllud
1159 3684 1196 3750 in
1211 3707 1243 3750 v.
1262 3691 1304 3752 28
1320 3692 1370 3752 καὶ
1389 3685 1593 3771 ἀνεχώρησαν,

263 3788 355 3876 quod
378 3789 545 3877 praebent
570 3788 736 3878 Iosephus
758 3792 846 3875 (Ant.
878 3789 1030 3876 13,5,10)
1056 3797 1090 3856 et
1121 3790 1230 3881 aliqui
1255 3790 1385 3858 codices
1412 3789 1595 3858 minusculi

265 3901 316 3960 ra.
341 3901 394 3962 lli.
414 3901 517 3975 eac-2
542 3902 575 3960 et
595 3899 625 3976 S,
653 3917 668 3960 s
693 3895 883 3984 (fugerunt)
904 3897 1008 3986 plano
1030 3897 1221 3964 necessario
1245 3897 1347 3964 etiam
1367 3896 1472 3964 textui
1497 3896 1592 3982 vulg.

262 4000 368 4065 inseri
383 3999 495 4080 debet,
514 4005 551 4066 ut
565 4022 653 4089 quae
670 4001 831 4069 dicuntur
844 4002 880 4068 in
894 4025 927 4070 v.
949 4009 990 4069 29
1005 4002 1243 4090 intelligantur
1263 4025 1269 4072 :
1284 4027 1353 4070 uon
1367 4015 1597 4092 replicuerunt

262 4126 368 4191 usque
386 4126 487 4169 tirone
502 4105 577 4172 scil.
596 4106 711 4173 hostes
726 4107 867 4189 abiisse;
886 4107 1046 4176 uidebant
1066 4109 1158 4176 euim
1174 4110 1366 4178 [renunes-ia
1385 4108 1546 4178 ardentia
1559 4110 1596 4176 in

261 4210 390 4292 castris,
409 4209 500 4276 unde
515 4212 628 4278 hostes
642 4211 692 4278 ibi
710 4213 894 4281 consistere
910 4217 1080 4305 putabant
1097 4223 1280 4306 pertatem
1296 4223 1443 4284 noctem.
1460 4221 1594 4283 Frustra

260 4317 357 4384 iussit
368 4317 528 4385 Ionathas
538 4317 717 4386 celerrime
730 4342 809 4387 suos
818 4321 971 4412 insequi;
988 4323 1102 4390 hostes
1113 4325 1206 4391 enim
1220 4329 1424 4413 pernoctem
1436 4322 1595 4410 longiore

260 4426 369 4515 spatio
383 4432 567 4516 praecepto
582 4425 724 4494 minime
736 4429 986 4518 comprehendi
998 4435 1175 4519 poterant3
1190 4431 1260 4498 iam
1273 4430 1478 4498 transierant
1494 4430 1595 4496 Eleu·

263 4532 401 4599 therum
424 4532 568 4600 lluvium
593 4558 624 4601 v.
653 4541 707 4616 30,
735 4536 794 4625 qui
819 4543 869 4602 est
892 4536 1025 4603 medius
1052 4537 1142 4604 inter
1167 4537 1359 4604 Phoenicen
1389 4543 1422 4604 et
1444 4537 1591 4624 Syriam,

262 4638 364 4704 hodie
380 4638 471 4705 Nahr
489 4640 521 4706 el
534 4639 657 4707 llehir‘?
672 4642 712 4708 cl.
733 4648 823 4725 11‚7.
843 4647 909 4710 Cur
929 4644 1087 4712 Ionathas
1102 4666 1171 4710 non
1186 4644 1378 4711 consultum
1395 4666 1467 4710 esse
1483 4641 1595 4709 cristi-

261 4742 435 4810 timaverit
454 4745 558 4811 tlnvio
573 4747 716 4814 traiecto
733 4747 845 4816 hostes
859 4751 1032 4839 persequi,
1053 4750 1104 4816 vix
1124 4750 1159 4816 in
1177 4749 1378 4818 difficultate
1398 4747 1593 4818 traiiciendi
