3625 5367
703 350 722 409 :l
756 366 847 409 ulca.
872 348 1028 423 laea-au.
1474 346 1533 406 435

204 521 297 565 merc
315 518 426 586 genus
439 498 614 566 scribendi
631 497 718 581 leve,
734 498 921 580 mediocre,
938 498 1037 581 exile,
1054 502 1166 565 tenue.
1184 496 1271 575 Quid
1290 518 1370 564 vero
1387 495 1535 564 voluerit

199 611 234 674 ct
254 606 341 696 quid
358 605 520 697 scriptori
539 605 770 696 appetendum
785 611 818 673 et
836 604 1068 696 exoptandum
1087 604 1142 688 sit,
1160 604 1314 672 declarat
1327 627 1359 671 v.
1380 609 1422 671 to
1440 625 1532 671 com-

200 712 380 803 paratione
403 732 410 778 :
434 712 551 781 vinum
572 734 746 781 meracum
767 712 900 797 bibere,
923 712 1037 779 solum
1063 733 1190 801 aquam
1214 710 1347 793 bibere,
1368 717 1531 779 neutrum

200 819 359 886 convenit
381 841 444 886 nec
464 820 593 909 placet;
616 820 874 887 convenientem
894 820 1008 887 facere
1029 817 1229 886 mixtionem
1249 819 1439 907 utriusque,
1462 817 1528 884 hoc

200 931 339 1013 gratum
361 931 427 1007 est;
451 935 594 1010 πολέμιον
617 926 796 1006 infestum3
822 927 940 1020 itaque
964 927 1156 1014 ingratum,
1179 925 1372 993 molestum.
1399 925 1528 992 Eodem

200 1033 304 1099 modo
322 1045 356 1102 rt
377 1052 431 1119 τῆς
452 1052 636 1120 κατασκευῆς
658 1064 708 1103 του
730 1062 822 1123 aaron
839 1056 946 1122 genus
966 1040 1000 1101 et
1020 1033 1143 1100 modus
1161 1032 1355 1100 instruendi
1377 1036 1410 1099 ct
1429 1031 1530 1099 ador·

199 1140 306 1207 nandi
321 1140 553 1208 narrationem
568 1140 714 1209 delectat
734 1162 835 1208 aures
853 1163 988 1226 eorum,
1006 1140 1119 1230 quiin
1139 1140 1419 1230 compositionem
1433 1137 1530 1205 illam

198 1246 356 1314 incidunt
385 1247 587 1337 (ἐντυγχάνειν
617 1247 728 1336 a,25);
761 1247 834 1315 scil.
863 1250 959 1338 ipsae
992 1269 1048 1315 res
1075 1252 1191 1335 gestae
1220 1245 1369 1337 proponi
1401 1245 1531 1312 debent

196 1374 323 1440 genere
347 1353 483 1421 dicendi
504 1361 619 1441 grato,
645 1361 746 1442 grata
770 1354 923 1445 quadam
947 1354 1114 1423 narrandi
1141 1354 1317 1436 varietate,
1343 1354 1393 1421 ita
1418 1358 1457 1418 ut
1480 1352 1529 1419 le·

115 1488 122 1501 ·
199 1460 361 1548 gentibus
382 1460 565 1528 delectatio
586 1461 761 1530 afferatur.
789 1461 878 1529 Talis
899 1468 1015 1530 aulem
1041 1461 1223 1529 delectatio
1247 1483 1359 1551 neque
1382 1458 1531 1528 habetur

198 1567 234 1633 in
257 1568 359 1635 rebus
379 1566 486 1655 gestis
505 1567 615 1635 solum
635 1591 754 1658 perse
774 1569 948 1660 spectatis,
969 1592 1083 1659 neque
1104 1569 1142 1635 in
1161 1569 1234 1635 solo
1254 1575 1376 1635 ornatu
1398 1573 1432 1634 et
1451 1590 1530 1635 con-

197 1674 372 1741 venientia
394 1675 594 1759 verborum,
621 1698 741 1744 verum
764 1676 914 1745 habetur
938 1678 977 1743 in
1002 1682 1084 1767 apta
1109 1676 1289 1755 mixtione,
1314 1676 1343 1743 sl
1364 1696 1418 1743 res
1444 1676 1529 1742 olim

193 1788 310 1868 gestae
330 1783 497 1849 narrandi
517 1788 591 1849 arte
611 1785 709 1873 quasi
732 1784 858 1853 iterum
879 1784 1008 1867 vivere,
1025 1784 1112 1867 fieri,
1137 1788 1286 1850 mentem
1305 1781 1453 1870 legentis
1475 1804 1529 1849 oc-

196 1910 322 1978 cupare
334 1894 368 1955 et
386 1890 619 1979 perstringere
638 1890 808 1957 videntur.
825 1896 863 1957 ln
882 1890 970 1979 vulg
985 1890 1160 1959 indicatur
1173 1913 1258 1982 opus
1277 1912 1348 1958 esse
1362 1890 1526 1957 varietate

195 1994 330 2062 dicendi
353 2002 385 2063 et
407 1997 585 2064 narrandi.
603 1996 698 2075 Quod
719 1997 779 2064 alii
800 1986 1014 2087 quandoque
1034 1998 1207 2089 explicant
1229 2018 1236 2065 :
1258 2018 1370 2086 genus
1390 1996 1527 2065 dicendi

194 2102 321 2169 debere
345 2102 478 2169 institui
505 2103 608 2171 modo
637 2113 752 2187 καλῶς,
779 2111 933 2187 cillicae,
958 2105 1061 2172 modo
1089 2111 1232 2187 εὐτελῶς,
1258 2116 1398 2194 μετρίως,
1431 2109 1521 2172 certe

194 2209 292 2276 abest
315 2216 349 2277 et
374 2232 394 2276 a
420 2216 534 2277 mente
560 2213 712 2278 auctoris
740 2216 775 2277 et
802 2234 821 2277 a
848 2212 881 2277 vi
910 2218 943 2278 et
968 2212 1219 2298 significatione
1245 2213 1524 2301 comparationis.

193 2320 277 2383 Nam
305 2316 377 2405 ipse
403 2315 533 2383 indicat
557 2338 591 2383 se
615 2316 761 2385 voluisse
787 2318 939 2385 scribere
964 2327 1066 2399 καλῶς
1093 2326 1142 2387 καὶ
1166 2325 1325 2401 εὺθίκτως;
1350 2320 1526 2407 hocergo

192 2445 329 2512 semper
345 2424 577 2513 appetendum
598 2446 670 2490 esse
690 2428 821 2507 censet;
848 2448 888 2491 ex
911 2424 1145 2493 commistione
1164 2448 1274 2515 aquae
1297 2432 1331 2493 et
1353 2426 1426 2492 vini
1444 2433 1526 2517 apta

195 2531 344 2597 exoritur
359 2537 459 2620 potas
475 2536 609 2618 gratae
629 2531 734 2598 verba
750 2553 831 2598 vero
849 2532 954 2613 bona,
971 2532 1210 2601 convenientia
1230 2539 1264 2601 et
1281 2533 1390 2601 verba
1409 2533 1522 2616 exilia,

193 2637 313 2705 tenuia
333 2659 403 2705 non
425 2639 473 2704 ita
498 2638 631 2705 misceri
650 2644 804 2729 possunt,
828 2645 867 2706 ut
887 2661 975 2706 unus
996 2661 1107 2707 sermo
1133 2645 1232 2731 aptus
1255 2642 1443 2710 concinnus
1464 2664 1522 2709 ex·

192 2744 302 2827 sistat;
319 2766 430 2833 neque
451 2766 519 2811 una
539 2767 618 2834 pars
638 2745 845 2813 narrationis
860 2768 932 2813 esse
955 2752 1065 2837 potest
1084 2747 1253 2833 sublimis,
1270 2750 1379 2817 altera
1395 2748 1469 2817 vilis
1489 2756 1524 2818 et

194 2851 342 2931 abiecta3
358 2858 457 2938 grata
471 2853 618 2919 varietas
632 2853 736 2943 plane
753 2852 821 2920 alio
838 2854 942 2920 modo
958 2861 1008 2922 est
1023 2855 1216 2924 efficienda.
