3625 5367
719 361 746 418 l.
768 376 860 421 utcu.
885 359 987 430 3,l-7.
1479 358 1516 418 til

206 516 234 570 9.
257 516 291 566 Et
304 515 460 565 nominetur
473 521 511 564 ert
527 528 609 578 usque
623 514 659 564 od
678 514 797 564 uuehse—
863 512 892 570 9.
920 508 975 568 llari
988 507 1132 584 ὠνομάσθη
1146 509 1193 574 ἕως
1208 507 1322 587 ε’σχάτσυ
1338 511 1385 580 τῆς
1397 511 1454 586 γῆς,

293 618 365 654 mum
384 608 471 653 terrae
923 597 969 656 καὶ
984 595 1132 675 συνήγαγεν
1148 596 1355 673 ἀπολλυμένους.

257 700 282 743 et
300 693 473 757 congregavit
490 698 641 758 pereuntes.

230 828 294 890 Pro
312 823 474 889 defuncto
489 829 587 911 patre
605 822 705 889 ludas
720 825 870 892 surrexit
882 826 905 892 i.
924 849 955 893 e.
976 826 1138 916 princeps
1156 833 1190 894 et
1207 827 1275 893 dux
1293 828 1404 893 factus
1419 832 1469 894 est
1486 832 1519 892 et

186 930 336 1018 agnitus,
355 952 386 995 v.
404 935 441 1010 23
457 951 538 996 nam
549 928 674 995 fratres
688 929 762 997 eius
777 938 812 998 et
828 933 1037 1023 quicumque
1049 934 1157 1023 patris
1169 939 1284 1022 partes
1299 933 1407 1000 secuti
1421 938 1520 1000 erant

185 1037 218 1103 ei
242 1057 379 1125 quoque
406 1033 558 1101 libenter
584 1035 738 1103 obsecuti
762 1044 852 1104 sunt.
877 1042 916 1104 ut
942 1061 1047 1128 quam
1079 1039 1201 1105 merito
1227 1040 1258 1105 ei
1285 1039 1516 1118 adhaeserint,

184 1143 383 1209 declaratur
396 1142 554 1208 encomio
571 1142 686 1223 Iudae,
707 1145 799 1232 quod
816 1167 871 1211 res
889 1145 961 1211 eius
977 1150 1089 1230 gestas
1105 1167 1199 1211 more
1215 1146 1348 1234 poetico
1366 1145 1520 1211 celebrat

185 1249 374 1338 etquidem
390 1248 547 1337 quinque
568 1247 728 1314 distichis
747 1254 781 1316 et
798 1251 908 1318 tribus
927 1251 1104 1318 tristichis.
1124 1255 1222 1318 Forte
1237 1273 1377 1318 carmen
1396 1251 1462 1317 hoc
1481 1253 1518 1317 in

184 1355 318 1446 populo
333 1361 408 1422 erat
421 1355 602 1440 vulgatum
617 1354 662 1422 ad
677 1356 880 1423 memoriam
897 1358 1013 1425 herois
1031 1358 1313 1446 praedicendam.
1329 1361 1414 1447 Apte
1428 1357 1519 1424 inse·
1559 1377 1560 1382 ¹

183 1461 274 1529 rit-ur
288 1474 357 1550 quo
371 1460 469 1550 quasi
482 1467 684 1550 conspectus
697 1463 870 1548 generalis
886 1485 1030 1553 operum
1045 1463 1116 1531 eius
1131 1469 1357 1553 proponatur.

232 1572 272 1635 et
286 1568 397 1657 primo
413 1567 556 1656 quidem
571 1565 734 1634 laudatur
746 1569 840 1657 quod
856 1571 985 1658 populo
996 1592 1056 1636 suo
1068 1570 1172 1656 longe
1187 1570 1324 1659 lateque
1338 1569 1519 1659 acquisivit

185 1674 333 1762 gloriam
347 1673 397 1740 ita
415 1673 489 1739 scil.
513 1680 549 1739 ut
566 1673 679 1760 gloria
699 1675 803 1741 lsrael
823 1677 914 1742 inter
935 1681 1056 1762 gentes
1075 1675 1324 1760 divulgaretur.
1343 1676 1519 1754 Quomodo

187 1783 274 1849 haec
297 1780 456 1847 dilatatio
479 1781 592 1846 famae
613 1786 646 1847 et
668 1779 802 1866 gloriae
821 1767 942 1848 effecta
963 1782 1017 1864 sit,
1040 1781 1239 1848 declaratur
1261 1781 1485 1870 sequentibus
1509 1805 1517 1850 :

186 1889 261 1978 ipse
271 1894 346 1955 erat
360 1888 470 1964 heros,
488 1909 566 1952 suos
577 1891 775 1975 protegens,
791 1886 952 1955 inimicos
965 1893 1196 1978 prosternens,
1215 1893 1249 1954 ct
1259 1887 1308 1954 ita
1318 1909 1519 1977 prosperam

187 1994 422 2062 conditionem
448 1992 601 2060 condens
624 1993 669 2082 (v.
698 1992 782 2082 3-6).
812 1994 989 2072 Quomodo
1013 1994 1105 2062 salus
1129 2017 1192 2084 per
1215 2015 1293 2061 eum
1320 1993 1439 2061 effecta
1461 1994 1516 2074 sit,
1557 2047 1564 2054 ,

187 2091 386 2168 declaratur
399 2122 431 2166 v.
452 2106 518 2180 7-9,
537 2121 607 2189 qua
625 2121 661 2166 re
674 2098 750 2189 ipse
765 2099 914 2186 gloriam
929 2100 996 2167 sibi
1010 2100 1202 2190 acquisivit.

232 2205 441 2274 Describitur
452 2206 565 2284 Iudae,
580 2207 628 2271 uti
641 2227 681 2272 ex
693 2213 774 2291 266
789 2208 860 2273 iam
875 2212 1101 2296 exspectatur,
1121 2207 1173 2274 vir
1194 2207 1353 2288 bellator,
1369 2207 1519 2294 egregiis

187 2315 294 2381 armis
308 2312 510 2406 instructus;
530 2321 619 2395 σκεύη
639 2316 790 2397 πολεμικὰ
804 2315 848 2380 ei.
866 2303 983 2380 unuin
1000 2301 1046 2378 b>
1061 2319 1157 2381 Deut.
1183 2320 1277 2396 1,t1;
1296 2320 1312 2380 1
1331 2319 1421 2382 Sam.
1440 2320 1519 2395 &12

187 2425 287 2501 LXX3
312 2440 374 2485 sua
396 2417 578 2508 pugnandi
599 2417 803 2486 fortitudine
819 2422 1026 2510 proteqebut
1049 2432 1172 2504 castra,
1195 2429 1406 2508 οοιρεμοολὴν,
1431 2443 1520 2510 quae

189 2549 254 2593 vox
272 2524 551 2616 frequentissime
572 2523 610 2590 in
629 2532 749 2594 nostro
775 2525 865 2591 libro
889 2523 1038 2593 occurrit
1061 2525 1309 2612 significatione
1331 2531 1520 2593 castrorum

189 2631 296 2722 (apud
316 2635 396 2700 Lxx
418 2654 482 2720 pro
503 2631 606 2719 utun)
627 2637 661 2698 et
680 2631 784 2698 eliam
807 2631 987 2712 exercitus,
1006 2631 1091 2698 aciei
1111 2631 1346 2699 instructuras
1361 2632 1521 2721 exprimit

188 2759 374 2826 graecum3
389 2738 490 2805 aliter
504 2760 519 2804 s
531 2737 698 2804 succinxit
711 2758 748 2803 se
764 2736 870 2803 armis
884 2738 1027 2819 bellicis,
1044 2736 1130 2804 sicut
1145 2737 1205 2826 qui
1218 2743 1323 2803 ruunt
1336 2736 1374 2803 in
1387 2737 1520 2806 bellum

189 2852 225 2912 et
238 2846 383 2912 elevavit
395 2845 535 2934 clypeos
548 2865 652 2933 super
666 2850 776 2911 castra
790 2843 835 2911 ad
849 2844 1002 2913 caedem.
1021 2845 1237 2934 Comparatio
1253 2843 1317 2910 viri
1330 2841 1427 2912 fo'rtis
1440 2867 1519 2913 cum

190 2953 288 3019 leone
303 2959 352 3018 est
363 2951 504 3030 usitate3
517 2951 561 3019 cl.
579 2953 660 3018 Gen.
676 2957 754 3033 aaa
768 2951 901 3018 catulus
911 2950 1020 3019 leonis
1033 2949 1132 3032 luda3
1146 2955 1247 3018 Num.
1260 2955 1374 3033 itti.
1390 2957 1411 3018 2
1426 2956 1517 3019 Sam.

193 3065 289 3142 1233
307 3064 420 3135 17,10.
440 3065 455 3125 1
471 3061 546 3124 Par.
565 3062 643 3139 tus
656 3062 736 3139 etc.;
753 3068 883 3142 σκύμνος
898 3057 1032 3125 catulus
1048 3057 1156 3125 leonis
1169 3057 1310 3147 rupiana
1328 3061 1370 3138 εἰς
1386 3068 1479 3147 θήραν
1493 3059 1519 3125 i.

190 3188 222 3233 e.
249 3166 309 3255 qui
338 3165 456 3250 rugitu
483 3185 610 3250 magno
638 3163 742 3230 irruit
765 3163 800 3230 in
831 3164 1013 3252 praedam;
1041 3163 1090 3231 ita
1118 3165 1215 3231 furor
1243 3168 1277 3230 et
1303 3165 1520 3233 vehementia

190 3271 382 3362 pugnandi,
403 3270 558 3337 irruendi
579 3271 617 3337 in
637 3271 751 3338 hostes
770 3269 988 3336 describitur.
1010 3269 1151 3336 ludaeos
1172 3275 1353 3358 apostatas,
1377 3274 1518 3354 ἀνόμους,

191 3378 314 3447 sedula
340 3375 606 3462 investigatione
635 3381 832 3466 persecutus
860 3381 911 3442 est
939 3381 973 3442 et
1003 3375 1233 3461 alienigenae,
1264 3375 1520 3464 perturbatores

191 3484 315 3575 populi
329 3483 392 3565 sui,
410 3482 587 3550 succendit
595 3482 762 3572 flammas
776 3482 814 3548 fit
829 3481 951 3549 allusio
962 3481 1006 3547 ad
1021 3505 1061 3549 ea
1074 3502 1162 3571 quae
1175 3482 1372 3549 referuntur
1384 3487 1517 3564 5,5.tt;

191 3590 332 3658 Μυσὴ.
355 3596 452 3670 8,33;
473 3593 495 3656 S
514 3595 715 3679 persecutus
736 3593 785 3656 est
801 3588 941 3677 iniquos
962 3609 1041 3655 cum
1057 3587 1256 3674 diligentia3
1279 3610 1294 3654 s
1312 3588 1520 3678 simulatque

192 3697 394 3787 exploravit.
416 3701 539 3763 Severo
560 3695 632 3762 eius
651 3694 780 3783 agendi
800 3695 900 3762 modo
922 3695 1146 3784 obstupefacti
1167 3699 1291 3762 suntet
1313 3703 1416 3778 ἄνομοι
1435 3717 1520 3784 prae

192 3804 316 3871 timore
328 3801 421 3880 eiua·
435 3807 570 3870 tantum
585 3801 655 3869 illis
669 3801 811 3870 incussit
827 3787 1002 3880 timorem
1020 3822 1136 3868 omnes
1149 3805 1272 3890 ἐργάται
1285 3817 1340 3884 τῆς
1357 3803 1479 3884 ἀνομίας
1494 3801 1517 3868 i.

192 3932 223 3978 e.
241 3909 360 3978 ludaei
379 3913 413 3976 et
428 3913 561 3995 gentes3
580 3908 633 3975 illi
651 3908 747 3975 enim
767 3907 835 3998 ipsi
854 3914 1024 3989 exercent,
1039 3914 1229 3997 operantur
1244 3910 1378 3990 ἀνομίαν,
1401 3911 1521 3993 gentes

194 4016 375 4104 coguntad
388 4037 481 4099 eam;
496 4015 534 4081 hi
545 4037 663 4081 omnes
677 4019 809 4082 terrore
821 4018 855 4081 et
865 4013 1062 4082 turbatione
1076 4014 1225 4104 correpti
1236 4017 1326 4080 sunt.
1341 4013 1426 4092 Quia
1437 4036 1522 4104 ergo

192 4122 292 4212 impii
310 4121 612 4212 fortiter'repressi
632 4128 713 4188 sunt
728 4123 774 4212 (v.
797 4128 828 4190 5.
853 4123 899 4209 6),
918 4121 1011 4188 saltu
1029 4121 1052 4187 i.
1071 4145 1100 4188 e.
1122 4120 1281 4188 liberatio
1301 4143 1321 4188 a
1340 4122 1522 4208 tyrannide

193 4229 388 4297 alienorum
405 4234 440 4295 et
458 4250 622 4318 prospera
641 4229 761 4318 populi
780 4227 930 4295 conditio
945 4250 1007 4318 per
1023 4250 1102 4296 eum
1123 4227 1243 4295 effecta
1263 4232 1323 4294 cst.
1341 4231 1362 4293 S
1377 4233 1410 4294 el
1424 4230 1522 4315 fuge-

193 4342 274 4404 runt
286 4341 321 4402 et
333 4336 523 4425 timuerunt
534 4336 644 4424 iniqui
659 4335 783 4401 timore
796 4335 925 4418 eius,...
941 4341 974 4401 et
989 4334 1138 4403 dabatur
1152 4334 1313 4401 liberatio
1326 4356 1388 4423 per
1404 4357 1523 4401 manus

195 4441 279 4510 eius.
297 4441 514 4530 Principibus
533 4439 651 4508 multis
671 4446 705 4506 et
723 4441 865 4526 regibus
888 4442 1016 4508 creavit
1039 4440 1214 4507 molestias
1233 4463 1265 4505 v.
1289 4445 1326 4520 't;
1352 4439 1523 4506 bellorum

195 4549 265 4616 scil.
280 4549 439 4630 ducibus,
453 4553 487 4614 et
499 4547 638 4633 regibus
650 4546 680 4636 (s
690 4545 818 4613 omittit
829 4547 958 4636 multis)
973 4547 1136 4614 Antiocho
1150 4546 1332 4635 Epiphani,
1348 4545 1521 4634 Eupatori‚

196 4657 366 4724 Demetrio
387 4660 416 4737 l;
442 4655 543 4721 rebus
563 4651 668 4740 gestis
688 4652 857 4720 laetitiam
878 4654 995 4720 attulit
1017 4652 1150 4721 ludaeis
1172 4651 1347 4733 fidelibus,
1366 4651 1415 4718 ita
1432 4657 1470 4718 ut
1488 4653 1524 4719 in

196 4785 299 4831 omne
313 4768 449 4853 tempus
465 4761 632 4828 memoria
651 4759 722 4827 eius
737 4744 781 4826 sit
796 4764 838 4839 εἰς
854 4767 1005 4846 citerius,
1022 4759 1183 4827 laudetur
1199 4763 1301 4848 atque
1320 4758 1522 4828 celebretur.

661 4887 843 4927 KMBENBAUER
860 4888 886 4924 lu
901 4888 980 4925 ulcu.
998 4901 1029 4911 -
1045 4881 1060 4924 6

1772 4745 1787 4800 l
