<?xml version="1.0" encoding="UTF-8"?>
<!DOCTYPE html PUBLIC "-//W3C//DTD XHTML 1.0 Transitional//EN"
    "http://www.w3.org/TR/xhtml1/DTD/xhtml1-transitional.dtd">
<html xmlns="http://www.w3.org/1999/xhtml" xml:lang="en" lang="en">
 <head>
  <title>
</title>
<meta http-equiv="Content-Type" content="text/html;charset=utf-8" />
  <meta name='ocr-system' content='tesseract 3.04.00' />
  <meta name='ocr-capabilities' content='ocr_page ocr_carea ocr_par ocr_line ocrx_word'/>
</head>
<body>
  <div class='ocr_page' id='page_1' title='image "./commentariusind00knabgoog/commentariusind00knabgoog_0337.png"; bbox 0 0 3625 5367; ppageno 0'>
   <div class='ocr_carea' id='block_1_1' title="bbox 751 314 1568 384">
    <p class='ocr_par' dir='ltr' id='par_1_1' title="bbox 751 314 1568 384">
     <span class='ocr_line' id='line_1_1' title="bbox 751 314 1568 384; baseline 0.002 -12"><span class='ocrx_word' id='word_1_1' title='bbox 751 315 780 372; x_wconf 64' lang='lat'><strong>⁹2.</strong></span> <span class='ocrx_word' id='word_1_2' title='bbox 804 329 895 374; x_wconf 77' lang='lat' dir='ltr'><strong>naeu.</strong></span> <span class='ocrx_word' id='word_1_3' title='bbox 920 314 1060 384; x_wconf 55' lang='lat' dir='ltr'><strong>teu-34.</strong></span> <span class='ocrx_word' id='word_1_4' title='bbox 1511 317 1568 374; x_wconf 71' lang='lat'><strong>327</strong></span> 
     </span>
    </p>
   </div>
   <div class='ocr_carea' id='block_1_2' title="bbox 159 461 1568 4810">
    <p class='ocr_par' dir='ltr' id='par_1_2' title="bbox 230 461 1568 1830">
     <span class='ocr_line' id='line_1_2' title="bbox 235 461 1566 552; baseline 0.002 -24"><span class='ocrx_word' id='word_1_5' title='bbox 235 461 301 528; x_wconf 92' lang='lat' dir='ltr'><strong>hoc</strong></span> <span class='ocrx_word' id='word_1_6' title='bbox 314 461 417 527; x_wconf 91' lang='lat' dir='ltr'><strong>modo</strong></span> <span class='ocrx_word' id='word_1_7' title='bbox 436 481 443 528; x_wconf 92' lang='lat'>:</span> <span class='ocrx_word' id='word_1_8' title='bbox 459 462 541 528; x_wconf 91' lang='lat' dir='ltr'><strong>haec</strong></span> <span class='ocrx_word' id='word_1_9' title='bbox 556 462 674 529; x_wconf 92' lang='lat' dir='ltr'><strong>civitas</strong></span> <span class='ocrx_word' id='word_1_10' title='bbox 689 463 823 530; x_wconf 86' lang='lat' dir='ltr'><strong>mulieri</strong></span> <span class='ocrx_word' id='word_1_11' title='bbox 841 462 1085 531; x_wconf 85' lang='lat' dir='ltr'><strong>redimiculum</strong></span> <span class='ocrx_word' id='word_1_12' title='bbox 1099 463 1256 552; x_wconf 88' lang='lat' dir='ltr'><strong>praebet,</strong></span> <span class='ocrx_word' id='word_1_13' title='bbox 1275 464 1360 530; x_wconf 90' lang='lat' dir='ltr'><strong>haec</strong></span> <span class='ocrx_word' id='word_1_14' title='bbox 1377 464 1414 530; x_wconf 91' lang='lat' dir='ltr'><strong>in</strong></span> <span class='ocrx_word' id='word_1_15' title='bbox 1427 464 1566 545; x_wconf 88' lang='lat' dir='ltr'><strong>collum,</strong></span> 
     </span>
     <span class='ocr_line' id='line_1_3' title="bbox 235 567 1568 658; baseline 0.004 -25"><span class='ocrx_word' id='word_1_16' title='bbox 235 567 319 633; x_wconf 89' lang='lat' dir='ltr'><strong>haec</strong></span> <span class='ocrx_word' id='word_1_17' title='bbox 345 568 381 634; x_wconf 93' lang='lat' dir='ltr'><strong>in</strong></span> <span class='ocrx_word' id='word_1_18' title='bbox 411 568 537 649; x_wconf 86' lang='lat' dir='ltr'><strong>crines;</strong></span> <span class='ocrx_word' id='word_1_19' title='bbox 567 569 615 635; x_wconf 90' lang='lat' dir='ltr'><strong>ita</strong></span> <span class='ocrx_word' id='word_1_20' title='bbox 644 570 789 658; x_wconf 91' lang='lat' dir='ltr'><strong>populos</strong></span> <span class='ocrx_word' id='word_1_21' title='bbox 813 569 943 638; x_wconf 91' lang='lat' dir='ltr'><strong>habent</strong></span> <span class='ocrx_word' id='word_1_22' title='bbox 973 570 1147 638; x_wconf 87' lang='lat' dir='ltr'><strong>universos</strong></span> <span class='ocrx_word' id='word_1_23' title='bbox 1175 592 1248 636; x_wconf 93' lang='lat' dir='ltr'><strong>non</strong></span> <span class='ocrx_word' id='word_1_24' title='bbox 1276 569 1390 637; x_wconf 90' lang='lat' dir='ltr'><strong>solum</strong></span> <span class='ocrx_word' id='word_1_25' title='bbox 1414 572 1568 638; x_wconf 88' lang='lat' dir='ltr'><strong>conscios</strong></span> 
     </span>
     <span class='ocr_line' id='line_1_4' title="bbox 236 672 1567 766; baseline 0.005 -28"><span class='ocrx_word' id='word_1_26' title='bbox 236 672 388 740; x_wconf 90' lang='lat' dir='ltr'><strong>libidinis</strong></span> <span class='ocrx_word' id='word_1_27' title='bbox 403 696 496 757; x_wconf 87' lang='lat' dir='ltr'><strong>suae,</strong></span> <span class='ocrx_word' id='word_1_28' title='bbox 515 697 633 742; x_wconf 91' lang='lat' dir='ltr'><strong>verum</strong></span> <span class='ocrx_word' id='word_1_29' title='bbox 649 674 753 742; x_wconf 89' lang='lat' dir='ltr'><strong>etiam</strong></span> <span class='ocrx_word' id='word_1_30' title='bbox 769 675 988 743; x_wconf 88' lang='lat' dir='ltr'><strong>administros</strong></span> <span class='ocrx_word' id='word_1_31' title='bbox 1005 704 1034 743; x_wconf 88' lang='lat'><strong>».</strong></span> <span class='ocrx_word' id='word_1_32' title='bbox 1052 681 1161 763; x_wconf 85' lang='lat' dir='ltr'><strong>Aegre</strong></span> <span class='ocrx_word' id='word_1_33' title='bbox 1175 677 1292 766; x_wconf 85' lang='lat' dir='ltr'><strong>itaque</strong></span> <span class='ocrx_word' id='word_1_34' title='bbox 1307 677 1463 744; x_wconf 84' lang='lat' dir='ltr'><strong>ferebant</strong></span> <span class='ocrx_word' id='word_1_35' title='bbox 1479 677 1567 744; x_wconf 83' lang='lat' dir='ltr'><strong>duae</strong></span> 
     </span>
     <span class='ocr_line' id='line_1_5' title="bbox 238 779 1566 872; baseline 0.004 -28"><span class='ocrx_word' id='word_1_36' title='bbox 238 779 318 847; x_wconf 89' lang='lat' dir='ltr'><strong>illae</strong></span> <span class='ocrx_word' id='word_1_37' title='bbox 336 780 491 848; x_wconf 90' lang='lat' dir='ltr'><strong>civitates</strong></span> <span class='ocrx_word' id='word_1_38' title='bbox 507 803 542 848; x_wconf 91' lang='lat' dir='ltr'><strong>se</strong></span> <span class='ocrx_word' id='word_1_39' title='bbox 563 782 745 850; x_wconf 84' lang='lat' dir='ltr'><strong>denodari</strong></span> <span class='ocrx_word' id='word_1_40' title='bbox 763 783 976 850; x_wconf 81' lang='lat' dir='ltr'>concubinae</span> <span class='ocrx_word' id='word_1_41' title='bbox 995 784 1097 870; x_wconf 83' lang='lat' dir='ltr'><strong>regis,</strong></span> <span class='ocrx_word' id='word_1_42' title='bbox 1121 783 1172 850; x_wconf 94' lang='lat' dir='ltr'><strong>Ad</strong></span> <span class='ocrx_word' id='word_1_43' title='bbox 1190 782 1395 851; x_wconf 82' lang='lat' dir='ltr'><strong>seditionem</strong></span> <span class='ocrx_word' id='word_1_44' title='bbox 1416 785 1566 872; x_wconf 89' lang='lat' dir='ltr'><strong>compri-</strong></span> 
     </span>
     <span class='ocr_line' id='line_1_6' title="bbox 239 887 1564 980; baseline 0.003 -28"><span class='ocrx_word' id='word_1_45' title='bbox 239 887 400 953; x_wconf 80' lang='lat' dir='ltr'><strong>mendam</strong></span> <span class='ocrx_word' id='word_1_46' title='bbox 430 909 488 954; x_wconf 85' lang='lat' dir='ltr'><strong>rex</strong></span> <span class='ocrx_word' id='word_1_47' title='bbox 513 911 576 977; x_wconf 92' lang='lat' dir='ltr'><strong>pro</strong></span> <span class='ocrx_word' id='word_1_48' title='bbox 604 889 753 956; x_wconf 83' lang='lat' dir='ltr'><strong>Menelao</strong></span> <span class='ocrx_word' id='word_1_49' title='bbox 777 895 967 980; x_wconf 79' lang='lat' dir='ltr'><strong>opportune</strong></span> <span class='ocrx_word' id='word_1_50' title='bbox 989 889 1090 969; x_wconf 83' lang='lat' dir='ltr'><strong>abiit3</strong></span> <span class='ocrx_word' id='word_1_51' title='bbox 1118 898 1220 958; x_wconf 71' lang='grc' dir='ltr'>θᾶττον</span> <span class='ocrx_word' id='word_1_52' title='bbox 1253 891 1364 971; x_wconf 90' lang='lat' dir='ltr'><strong>citius,</strong></span> <span class='ocrx_word' id='word_1_53' title='bbox 1389 889 1437 956; x_wconf 93' lang='lat' dir='ltr'><strong>ita</strong></span> <span class='ocrx_word' id='word_1_54' title='bbox 1455 897 1492 956; x_wconf 90' lang='lat' dir='ltr'><strong>ut</strong></span> <span class='ocrx_word' id='word_1_55' title='bbox 1521 890 1564 956; x_wconf 90' lang='lat' dir='ltr'><strong>de</strong></span> 
     </span>
     <span class='ocr_line' id='line_1_7' title="bbox 235 983 1563 1085; baseline 0.002 -26"><span class='ocrx_word' id='word_1_56' title='bbox 235 983 382 1060; x_wconf 82' lang='lat' dir='ltr'><strong>Menelao</strong></span> <span class='ocrx_word' id='word_1_57' title='bbox 414 999 448 1060; x_wconf 91' lang='lat' dir='ltr'><strong>et</strong></span> <span class='ocrx_word' id='word_1_58' title='bbox 471 999 620 1062; x_wconf 77' lang='lat' dir='ltr'><strong>Sostrate</strong></span> <span class='ocrx_word' id='word_1_59' title='bbox 645 996 714 1063; x_wconf 90' lang='lat' dir='ltr'><strong>iam</strong></span> <span class='ocrx_word' id='word_1_60' title='bbox 741 1017 810 1062; x_wconf 90' lang='lat' dir='ltr'><strong>non</strong></span> <span class='ocrx_word' id='word_1_61' title='bbox 834 996 987 1085; x_wconf 91' lang='lat' dir='ltr'><strong>potuerit</strong></span> <span class='ocrx_word' id='word_1_62' title='bbox 1018 995 1188 1063; x_wconf 89' lang='lat' dir='ltr'><strong>rationem</strong></span> <span class='ocrx_word' id='word_1_63' title='bbox 1217 995 1367 1083; x_wconf 81' lang='lat' dir='ltr'><strong>exigere.</strong></span> <span class='ocrx_word' id='word_1_64' title='bbox 1395 995 1563 1062; x_wconf 89' lang='lat' dir='ltr'><strong>Vicarium</strong></span> 
     </span>
     <span class='ocr_line' id='line_1_8' title="bbox 235 1099 1564 1192; baseline 0.002 -27"><span class='ocrx_word' id='word_1_65' title='bbox 235 1099 296 1186; x_wconf 67' lang='lat' dir='ltr'><strong>(aba</strong></span> <span class='ocrx_word' id='word_1_66' title='bbox 321 1107 545 1188; x_wconf 43' lang='lat' dir='ltr'><strong>&amp;intextae-ver&amp;</strong></span> <span class='ocrx_word' id='word_1_67' title='bbox 573 1102 615 1169; x_wconf 83' lang='lat' dir='ltr'><strong>ol.</strong></span> <span class='ocrx_word' id='word_1_68' title='bbox 648 1108 783 1190; x_wconf 73' lang='grc' dir='ltr'><strong>διάδεχος</strong></span> <span class='ocrx_word' id='word_1_69' title='bbox 810 1125 842 1168; x_wconf 91' lang='lat' dir='ltr'><strong>v.</strong></span> <span class='ocrx_word' id='word_1_70' title='bbox 870 1105 924 1189; x_wconf 76' lang='lat'><strong>29)</strong></span> <span class='ocrx_word' id='word_1_71' title='bbox 950 1102 1090 1192; x_wconf 82' lang='lat' dir='ltr'><strong>reliquit</strong></span> <span class='ocrx_word' id='word_1_72' title='bbox 1112 1102 1362 1185; x_wconf 77' lang='lat' dir='ltr'><strong>Andronicum,</strong></span> <span class='ocrx_word' id='word_1_73' title='bbox 1389 1123 1496 1168; x_wconf 87' lang='lat' dir='ltr'><strong>unum</strong></span> <span class='ocrx_word' id='word_1_74' title='bbox 1524 1124 1564 1168; x_wconf 86' lang='lat' dir='ltr'><strong>ex</strong></span> 
     </span>
     <span class='ocr_line' id='line_1_9' title="bbox 234 1204 1564 1298; baseline 0.004 -28"><span class='ocrx_word' id='word_1_75' title='bbox 234 1204 471 1292; x_wconf 68' lang='lat' dir='ltr'><strong>dignitatibus</strong></span> <span class='ocrx_word' id='word_1_76' title='bbox 496 1231 535 1274; x_wconf 82' lang='lat' dir='ltr'><strong>ex</strong></span> <span class='ocrx_word' id='word_1_77' title='bbox 558 1207 600 1274; x_wconf 92' lang='lat' dir='ltr'><strong>iis</strong></span> <span class='ocrx_word' id='word_1_78' title='bbox 624 1209 684 1297; x_wconf 91' lang='lat' dir='ltr'><strong>qui</strong></span> <span class='ocrx_word' id='word_1_79' title='bbox 705 1209 909 1298; x_wconf 89' lang='lat' dir='ltr'><strong>praecipuas</strong></span> <span class='ocrx_word' id='word_1_80' title='bbox 927 1208 1116 1295; x_wconf 84' lang='lat' dir='ltr'><strong>dignitates</strong></span> <span class='ocrx_word' id='word_1_81' title='bbox 1137 1208 1341 1276; x_wconf 90' lang='lat' dir='ltr'><strong>obtinebant</strong></span> <span class='ocrx_word' id='word_1_82' title='bbox 1364 1231 1396 1274; x_wconf 91' lang='lat' dir='ltr'><strong>v.</strong></span> <span class='ocrx_word' id='word_1_83' title='bbox 1420 1215 1474 1275; x_wconf 84' lang='lat'><strong>31.</strong></span> <span class='ocrx_word' id='word_1_84' title='bbox 1497 1213 1564 1275; x_wconf 88' lang='lat' dir='ltr'><strong>Hac</strong></span> 
     </span>
     <span class='ocr_line' id='line_1_10' title="bbox 233 1313 1565 1405; baseline 0.002 -28"><span class='ocrx_word' id='word_1_85' title='bbox 233 1313 489 1401; x_wconf 85' lang='lat' dir='ltr'><strong>opportunitate</strong></span> <span class='ocrx_word' id='word_1_86' title='bbox 522 1337 602 1382; x_wconf 90' lang='lat' dir='ltr'><strong>usus</strong></span> <span class='ocrx_word' id='word_1_87' title='bbox 631 1315 802 1382; x_wconf 87' lang='lat' dir='ltr'><strong>Menelaus</strong></span> <span class='ocrx_word' id='word_1_88' title='bbox 836 1314 990 1405; x_wconf 90' lang='lat' dir='ltr'><strong>corrupit</strong></span> <span class='ocrx_word' id='word_1_89' title='bbox 1023 1314 1225 1382; x_wconf 90' lang='lat' dir='ltr'><strong>muneribus</strong></span> <span class='ocrx_word' id='word_1_90' title='bbox 1256 1315 1502 1396; x_wconf 78' lang='lat' dir='ltr'><strong>Andronicum,</strong></span> <span class='ocrx_word' id='word_1_91' title='bbox 1533 1314 1565 1380; x_wconf 92' lang='lat' dir='ltr'><strong>ei</strong></span> 
     </span>
     <span class='ocr_line' id='line_1_11' title="bbox 232 1409 1561 1511; baseline 0.004 -28"><span class='ocrx_word' id='word_1_92' title='bbox 232 1417 363 1486; x_wconf 90' lang='lat' dir='ltr'><strong>donans</strong></span> <span class='ocrx_word' id='word_1_93' title='bbox 373 1441 478 1487; x_wconf 87' lang='lat' dir='ltr'><strong>aurea</strong></span> <span class='ocrx_word' id='word_1_94' title='bbox 490 1421 660 1510; x_wconf 90' lang='lat' dir='ltr'><strong>quaedam</strong></span> <span class='ocrx_word' id='word_1_95' title='bbox 671 1444 751 1490; x_wconf 87' lang='lat' dir='ltr'><strong>vasa</strong></span> <span class='ocrx_word' id='word_1_96' title='bbox 761 1444 878 1511; x_wconf 88' lang='lat' dir='ltr'><strong>quaec</strong></span> <span class='ocrx_word' id='word_1_97' title='bbox 893 1421 1022 1511; x_wconf 92' lang='lat' dir='ltr'><strong>templo</strong></span> <span class='ocrx_word' id='word_1_98' title='bbox 1035 1422 1101 1488; x_wconf 92' lang='lat' dir='ltr'><strong>sibi</strong></span> <span class='ocrx_word' id='word_1_99' title='bbox 1113 1409 1324 1511; x_wconf 85' lang='lat' dir='ltr'><strong>seposuerat,</strong></span> <span class='ocrx_word' id='word_1_100' title='bbox 1337 1427 1561 1508; x_wconf 68' lang='grc' dir='ltr'>νοσφισάμενος,</span> 
     </span>
     <span class='ocr_line' id='line_1_12' title="bbox 231 1525 1564 1616; baseline 0.003 -26"><span class='ocrx_word' id='word_1_101' title='bbox 231 1525 474 1593; x_wconf 90' lang='lat' dir='ltr'><strong>interverterat</strong></span> <span class='ocrx_word' id='word_1_102' title='bbox 488 1533 522 1593; x_wconf 92' lang='lat' dir='ltr'><strong>et</strong></span> <span class='ocrx_word' id='word_1_103' title='bbox 536 1527 581 1595; x_wconf 92' lang='lat' dir='ltr'><strong>ad</strong></span> <span class='ocrx_word' id='word_1_104' title='bbox 593 1550 630 1616; x_wconf 76' lang='lat' dir='ltr'><strong>se</strong></span> <span class='ocrx_word' id='word_1_105' title='bbox 646 1528 886 1611; x_wconf 86' lang='lat' dir='ltr'><strong>transtulerat;</strong></span> <span class='ocrx_word' id='word_1_106' title='bbox 904 1535 939 1596; x_wconf 90' lang='lat' dir='ltr'><strong>et</strong></span> <span class='ocrx_word' id='word_1_107' title='bbox 953 1527 1022 1596; x_wconf 89' lang='lat' dir='ltr'><strong>alia</strong></span> <span class='ocrx_word' id='word_1_108' title='bbox 1041 1530 1118 1614; x_wconf 77' lang='lat' dir='ltr'><strong>Tyri</strong></span> <span class='ocrx_word' id='word_1_109' title='bbox 1134 1535 1167 1595; x_wconf 92' lang='lat' dir='ltr'><strong>et</strong></span> <span class='ocrx_word' id='word_1_110' title='bbox 1181 1529 1217 1594; x_wconf 92' lang='lat' dir='ltr'><strong>in</strong></span> <span class='ocrx_word' id='word_1_111' title='bbox 1234 1525 1429 1594; x_wconf 90' lang='lat' dir='ltr'><strong>civitatibus</strong></span> <span class='ocrx_word' id='word_1_112' title='bbox 1444 1527 1564 1594; x_wconf 90' lang='lat' dir='ltr'><strong>vicinis</strong></span> 
     </span>
     <span class='ocr_line' id='line_1_13' title="bbox 231 1631 1562 1722; baseline 0.002 -25"><span class='ocrx_word' id='word_1_113' title='bbox 231 1631 434 1700; x_wconf 85' lang='lat' dir='ltr'><strong>vendiderat</strong></span> <span class='ocrx_word' id='word_1_114' title='bbox 455 1656 488 1699; x_wconf 90' lang='lat' dir='ltr'><strong>v.</strong></span> <span class='ocrx_word' id='word_1_115' title='bbox 512 1640 567 1700; x_wconf 73' lang='lat'><strong>32.</strong></span> <span class='ocrx_word' id='word_1_116' title='bbox 590 1634 730 1700; x_wconf 88' lang='lat' dir='ltr'><strong>Videtur</strong></span> <span class='ocrx_word' id='word_1_117' title='bbox 747 1635 892 1701; x_wconf 89' lang='lat' dir='ltr'><strong>voluisse</strong></span> <span class='ocrx_word' id='word_1_118' title='bbox 913 1635 1005 1703; x_wconf 81' lang='lat' dir='ltr'><strong>furto</strong></span> <span class='ocrx_word' id='word_1_119' title='bbox 1025 1635 1193 1720; x_wconf 88' lang='lat' dir='ltr'><strong>sacrilego</strong></span> <span class='ocrx_word' id='word_1_120' title='bbox 1215 1634 1357 1701; x_wconf 91' lang='lat' dir='ltr'><strong>vendito</strong></span> <span class='ocrx_word' id='word_1_121' title='bbox 1377 1632 1562 1722; x_wconf 88' lang='lat' dir='ltr'><strong>pecuniam</strong></span> 
     </span>
     <span class='ocr_line' id='line_1_14' title="bbox 230 1725 971 1830; baseline 0.005 -28"><span class='ocrx_word' id='word_1_122' title='bbox 230 1739 304 1824; x_wconf 88' lang='lat' dir='ltr'><strong>regi</strong></span> <span class='ocrx_word' id='word_1_123' title='bbox 319 1739 523 1827; x_wconf 88' lang='lat' dir='ltr'><strong>promissam</strong></span> <span class='ocrx_word' id='word_1_124' title='bbox 537 1739 604 1806; x_wconf 91' lang='lat' dir='ltr'><strong>sibi</strong></span> <span class='ocrx_word' id='word_1_125' title='bbox 619 1725 819 1829; x_wconf 81' lang='lat' dir='ltr'><strong>caniparare</strong></span> <span class='ocrx_word' id='word_1_126' title='bbox 837 1741 882 1830; x_wconf 86' lang='lat' dir='ltr'><strong>(v.</strong></span> <span class='ocrx_word' id='word_1_127' title='bbox 901 1741 971 1828; x_wconf 63' lang='lat' dir='ltr'><strong>tt).</strong></span> 
     </span>
    </p>

    <p class='ocr_par' dir='ltr' id='par_1_3' title="bbox 159 1845 1564 2466">
     <span class='ocr_line' id='line_1_15' title="bbox 274 1845 1564 1936; baseline 0.002 -28"><span class='ocrx_word' id='word_1_128' title='bbox 274 1847 358 1911; x_wconf 74' lang='lat' dir='ltr'><strong>Vasa</strong></span> <span class='ocrx_word' id='word_1_129' title='bbox 374 1867 470 1912; x_wconf 89' lang='lat' dir='ltr'><strong>sacra</strong></span> <span class='ocrx_word' id='word_1_130' title='bbox 489 1848 654 1936; x_wconf 90' lang='lat' dir='ltr'><strong>etemplo</strong></span> <span class='ocrx_word' id='word_1_131' title='bbox 670 1848 789 1913; x_wconf 83' lang='lat' dir='ltr'><strong>furtim</strong></span> <span class='ocrx_word' id='word_1_132' title='bbox 809 1847 926 1914; x_wconf 89' lang='lat' dir='ltr'><strong>ablata</strong></span> <span class='ocrx_word' id='word_1_133' title='bbox 941 1869 981 1913; x_wconf 91' lang='lat' dir='ltr'><strong>eo</strong></span> <span class='ocrx_word' id='word_1_134' title='bbox 997 1846 1101 1914; x_wconf 92' lang='lat' dir='ltr'><strong>modo</strong></span> <span class='ocrx_word' id='word_1_135' title='bbox 1122 1845 1268 1914; x_wconf 85' lang='lat' dir='ltr'><strong>distrahi</strong></span> <span class='ocrx_word' id='word_1_136' title='bbox 1288 1846 1389 1914; x_wconf 91' lang='lat' dir='ltr'><strong>Ouias</strong></span> <span class='ocrx_word' id='word_1_137' title='bbox 1410 1847 1564 1930; x_wconf 78' lang='lat' dir='ltr'><strong>graviter</strong></span> 
     </span>
     <span class='ocr_line' id='line_1_16' title="bbox 230 1949 1560 2042; baseline 0.001 -27"><span class='ocrx_word' id='word_1_138' title='bbox 230 1950 467 2039; x_wconf 90' lang='lat' dir='ltr'><strong>reprehendit;</strong></span> <span class='ocrx_word' id='word_1_139' title='bbox 490 1974 571 2018; x_wconf 92' lang='lat' dir='ltr'><strong>suae</strong></span> <span class='ocrx_word' id='word_1_140' title='bbox 595 1953 720 2020; x_wconf 91' lang='lat' dir='ltr'><strong>timens</strong></span> <span class='ocrx_word' id='word_1_141' title='bbox 744 1952 919 2020; x_wconf 88' lang='lat' dir='ltr'><strong>securitati</strong></span> <span class='ocrx_word' id='word_1_142' title='bbox 945 1975 1018 2020; x_wconf 92' lang='lat' dir='ltr'><strong>sese</strong></span> <span class='ocrx_word' id='word_1_143' title='bbox 1042 1959 1220 2042; x_wconf 82' lang='lat' dir='ltr'><strong>receperat</strong></span> <span class='ocrx_word' id='word_1_144' title='bbox 1249 1954 1283 2018; x_wconf 90' lang='lat' dir='ltr'><strong>in</strong></span> <span class='ocrx_word' id='word_1_145' title='bbox 1310 1949 1444 2038; x_wconf 83' lang='lat' dir='ltr'><strong>asylum</strong></span> <span class='ocrx_word' id='word_1_146' title='bbox 1466 1949 1560 2040; x_wconf 91' lang='lat' dir='ltr'><strong>quod</strong></span> 
     </span>
     <span class='ocr_line' id='line_1_17' title="bbox 230 2056 1562 2148; baseline 0 -26"><span class='ocrx_word' id='word_1_147' title='bbox 230 2056 423 2124; x_wconf 89' lang='lat' dir='ltr'><strong>habebatur</strong></span> <span class='ocrx_word' id='word_1_148' title='bbox 445 2057 482 2124; x_wconf 92' lang='lat' dir='ltr'><strong>in</strong></span> <span class='ocrx_word' id='word_1_149' title='bbox 509 2058 587 2125; x_wconf 88' lang='lat' dir='ltr'><strong>luco</strong></span> <span class='ocrx_word' id='word_1_150' title='bbox 616 2059 706 2147; x_wconf 91' lang='lat' dir='ltr'><strong>apud</strong></span> <span class='ocrx_word' id='word_1_151' title='bbox 733 2059 911 2148; x_wconf 84' lang='lat' dir='ltr'><strong>Daphnen,</strong></span> <span class='ocrx_word' id='word_1_152' title='bbox 935 2059 1141 2127; x_wconf 91' lang='lat' dir='ltr'><strong>suburbium</strong></span> <span class='ocrx_word' id='word_1_153' title='bbox 1169 2057 1380 2139; x_wconf 90' lang='lat' dir='ltr'><strong>Antiochiae,</strong></span> <span class='ocrx_word' id='word_1_154' title='bbox 1415 2056 1459 2123; x_wconf 91' lang='lat' dir='ltr'><strong>ab</strong></span> <span class='ocrx_word' id='word_1_155' title='bbox 1487 2058 1562 2146; x_wconf 89' lang='lat' dir='ltr'><strong>ipsa</strong></span> 
     </span>
     <span class='ocr_line' id='line_1_18' title="bbox 230 2161 1558 2254; baseline 0.001 -27"><span class='ocrx_word' id='word_1_156' title='bbox 230 2161 314 2228; x_wconf 90' lang='lat' dir='ltr'><strong>urbe</strong></span> <span class='ocrx_word' id='word_1_157' title='bbox 327 2185 389 2252; x_wconf 91' lang='lat' dir='ltr'><strong>per</strong></span> <span class='ocrx_word' id='word_1_158' title='bbox 404 2167 564 2231; x_wconf 84' lang='lat' dir='ltr'><strong>Orontem</strong></span> <span class='ocrx_word' id='word_1_159' title='bbox 580 2164 723 2231; x_wconf 78' lang='lat' dir='ltr'><strong>fluvium</strong></span> <span class='ocrx_word' id='word_1_160' title='bbox 739 2171 952 2254; x_wconf 81' lang='lat' dir='ltr'><strong>separatum3</strong></span> <span class='ocrx_word' id='word_1_161' title='bbox 970 2169 1045 2232; x_wconf 89' lang='lat' dir='ltr'><strong>erat</strong></span> <span class='ocrx_word' id='word_1_162' title='bbox 1057 2165 1108 2233; x_wconf 93' lang='lat' dir='ltr'><strong>ibi</strong></span> <span class='ocrx_word' id='word_1_163' title='bbox 1123 2165 1220 2232; x_wconf 89' lang='lat' dir='ltr'><strong>locus</strong></span> <span class='ocrx_word' id='word_1_164' title='bbox 1235 2164 1357 2250; x_wconf 91' lang='lat' dir='ltr'><strong>ingens</strong></span> <span class='ocrx_word' id='word_1_165' title='bbox 1371 2167 1405 2228; x_wconf 90' lang='lat' dir='ltr'><strong>et</strong></span> <span class='ocrx_word' id='word_1_166' title='bbox 1418 2185 1558 2252; x_wconf 89' lang='lat' dir='ltr'><strong>opacus,</strong></span> 
     </span>
     <span class='ocr_line' id='line_1_19' title="bbox 229 2267 1562 2360; baseline 0.002 -27"><span class='ocrx_word' id='word_1_167' title='bbox 229 2267 379 2335; x_wconf 82' lang='lat' dir='ltr'><strong>fontanis</strong></span> <span class='ocrx_word' id='word_1_168' title='bbox 393 2271 492 2360; x_wconf 89' lang='lat' dir='ltr'><strong>aquis</strong></span> <span class='ocrx_word' id='word_1_169' title='bbox 507 2272 671 2357; x_wconf 89' lang='lat' dir='ltr'><strong>irriguus,</strong></span> <span class='ocrx_word' id='word_1_170' title='bbox 688 2272 723 2336; x_wconf 91' lang='lat' dir='ltr'><strong>in</strong></span> <span class='ocrx_word' id='word_1_171' title='bbox 739 2272 836 2337; x_wconf 90' lang='lat' dir='ltr'><strong>cuius</strong></span> <span class='ocrx_word' id='word_1_172' title='bbox 851 2271 967 2337; x_wconf 92' lang='lat' dir='ltr'><strong>medio</strong></span> <span class='ocrx_word' id='word_1_173' title='bbox 980 2277 1055 2337; x_wconf 91' lang='lat' dir='ltr'><strong>erat</strong></span> <span class='ocrx_word' id='word_1_174' title='bbox 1068 2272 1188 2337; x_wconf 87' lang='lat' dir='ltr'><strong>fanum</strong></span> <span class='ocrx_word' id='word_1_175' title='bbox 1203 2270 1371 2359; x_wconf 75' lang='lat' dir='ltr'><strong>Apollinis</strong></span> <span class='ocrx_word' id='word_1_176' title='bbox 1385 2274 1420 2335; x_wconf 86' lang='lat' dir='ltr'><strong>et</strong></span> <span class='ocrx_word' id='word_1_177' title='bbox 1435 2269 1562 2336; x_wconf 85' lang='lat' dir='ltr'><strong>Dianae</strong></span> 
     </span>
     <span class='ocr_line' id='line_1_20' title="bbox 159 2374 1562 2466; baseline -0.001 -25"><span class='ocrx_word' id='word_1_178' title='bbox 159 2455 161 2462; x_wconf 21' lang='grc' dir='ltr'>Ι</span> <span class='ocrx_word' id='word_1_179' title='bbox 229 2375 314 2463; x_wconf 83' lang='lat' dir='ltr'><strong>asyli</strong></span> <span class='ocrx_word' id='word_1_180' title='bbox 339 2376 412 2442; x_wconf 93' lang='lat' dir='ltr'><strong>iure</strong></span> <span class='ocrx_word' id='word_1_181' title='bbox 439 2399 478 2444; x_wconf 89' lang='lat' dir='ltr'><strong>ac</strong></span> <span class='ocrx_word' id='word_1_182' title='bbox 503 2378 673 2464; x_wconf 84' lang='lat' dir='ltr'><strong>dignitate</strong></span> <span class='ocrx_word' id='word_1_183' title='bbox 704 2377 1014 2444; x_wconf 88' lang='lat' dir='ltr'><strong>celebratissimum</strong></span> <span class='ocrx_word' id='word_1_184' title='bbox 1040 2377 1119 2466; x_wconf 83' lang='lat' dir='ltr'><strong>(Cal</strong></span> <span class='ocrx_word' id='word_1_185' title='bbox 1158 2378 1195 2462; x_wconf 81' lang='grc'><strong>.);</strong></span> <span class='ocrx_word' id='word_1_186' title='bbox 1223 2376 1273 2442; x_wconf 91' lang='lat' dir='ltr'><strong>uti</strong></span> <span class='ocrx_word' id='word_1_187' title='bbox 1296 2376 1418 2443; x_wconf 86' lang='lat' dir='ltr'><strong>Strabo</strong></span> <span class='ocrx_word' id='word_1_188' title='bbox 1442 2374 1562 2441; x_wconf 87' lang='lat' dir='ltr'><strong>scribit</strong></span> 
     </span>
    </p>

    <p class='ocr_par' dir='ltr' id='par_1_4' title="bbox 225 2480 1561 4062">
     <span class='ocr_line' id='line_1_21' title="bbox 231 2480 1560 2573; baseline 0 -27"><span class='ocrx_word' id='word_1_189' title='bbox 231 2482 385 2570; x_wconf 81' lang='lat'>(16‚750;</span> <span class='ocrx_word' id='word_1_190' title='bbox 422 2483 466 2550; x_wconf 89' lang='lat' dir='ltr'><strong>al.</strong></span> <span class='ocrx_word' id='word_1_191' title='bbox 501 2490 606 2566; x_wconf 69' lang='lat'><strong>1089,</strong></span> <span class='ocrx_word' id='word_1_192' title='bbox 645 2484 774 2572; x_wconf 71' lang='lat' dir='ltr'><strong>16,2‚ss)</strong></span> <span class='ocrx_word' id='word_1_193' title='bbox 807 2484 1039 2573; x_wconf 89' lang='lat' dir='ltr'><strong>quadraginta</strong></span> <span class='ocrx_word' id='word_1_194' title='bbox 1074 2483 1265 2550; x_wconf 89' lang='lat' dir='ltr'><strong>stadiorum</strong></span> <span class='ocrx_word' id='word_1_195' title='bbox 1296 2481 1480 2548; x_wconf 89' lang='lat' dir='ltr'><strong>intervallo</strong></span> <span class='ocrx_word' id='word_1_196' title='bbox 1517 2480 1560 2546; x_wconf 92' lang='lat' dir='ltr'><strong>ab</strong></span> 
     </span>
     <span class='ocr_line' id='line_1_22' title="bbox 227 2586 1560 2679; baseline -0.002 -24"><span class='ocrx_word' id='word_1_197' title='bbox 227 2588 409 2656; x_wconf 78' lang='lat' dir='ltr'><strong>Antiochia</strong></span> <span class='ocrx_word' id='word_1_198' title='bbox 432 2590 573 2679; x_wconf 86' lang='lat' dir='ltr'><strong>Daphne</strong></span> <span class='ocrx_word' id='word_1_199' title='bbox 599 2589 712 2671; x_wconf 89' lang='lat' dir='ltr'><strong>abest,</strong></span> <span class='ocrx_word' id='word_1_200' title='bbox 732 2600 868 2658; x_wconf 75' lang='grc' dir='ltr'>’κατοικία</span> <span class='ocrx_word' id='word_1_201' title='bbox 892 2599 1014 2679; x_wconf 73' lang='grc' dir='ltr'><strong>μετρία,</strong></span> <span class='ocrx_word' id='word_1_202' title='bbox 1037 2588 1108 2655; x_wconf 93' lang='lat' dir='ltr'><strong>luci</strong></span> <span class='ocrx_word' id='word_1_203' title='bbox 1129 2588 1279 2677; x_wconf 83' lang='lat' dir='ltr'><strong>ambitus</strong></span> <span class='ocrx_word' id='word_1_204' title='bbox 1298 2594 1348 2654; x_wconf 91' lang='lat' dir='ltr'><strong>est</strong></span> <span class='ocrx_word' id='word_1_205' title='bbox 1369 2586 1560 2654; x_wconf 87' lang='lat' dir='ltr'><strong>stadiorum</strong></span> 
     </span>
     <span class='ocr_line' id='line_1_23' title="bbox 230 2692 1559 2786; baseline -0.002 -26"><span class='ocrx_word' id='word_1_206' title='bbox 230 2696 413 2781; x_wconf 87' lang='lat' dir='ltr'><strong>octoginta.</strong></span> <span class='ocrx_word' id='word_1_207' title='bbox 436 2700 557 2762; x_wconf 88' lang='lat' dir='ltr'><strong>Contra</strong></span> <span class='ocrx_word' id='word_1_208' title='bbox 572 2696 788 2786; x_wconf 86' lang='lat' dir='ltr'><strong>quorundam</strong></span> <span class='ocrx_word' id='word_1_209' title='bbox 805 2696 1008 2786; x_wconf 90' lang='lat' dir='ltr'><strong>scrupulum</strong></span> <span class='ocrx_word' id='word_1_210' title='bbox 1023 2695 1066 2762; x_wconf 92' lang='lat' dir='ltr'><strong>de</strong></span> <span class='ocrx_word' id='word_1_211' title='bbox 1082 2695 1226 2762; x_wconf 88' lang='lat' dir='ltr'><strong>veritate</strong></span> <span class='ocrx_word' id='word_1_212' title='bbox 1242 2694 1303 2775; x_wconf 92' lang='lat' dir='ltr'><strong>rei,</strong></span> <span class='ocrx_word' id='word_1_213' title='bbox 1322 2694 1391 2760; x_wconf 91' lang='lat' dir='ltr'><strong>acsi</strong></span> <span class='ocrx_word' id='word_1_214' title='bbox 1409 2695 1462 2760; x_wconf 91' lang='lat' dir='ltr'><strong>vir</strong></span> <span class='ocrx_word' id='word_1_215' title='bbox 1481 2692 1559 2784; x_wconf 91' lang='lat' dir='ltr'><strong>pius</strong></span> 
     </span>
     <span class='ocr_line' id='line_1_24' title="bbox 231 2802 1557 2892; baseline 0 -26"><span class='ocrx_word' id='word_1_216' title='bbox 231 2802 373 2869; x_wconf 87' lang='lat' dir='ltr'><strong>ludaeus</strong></span> <span class='ocrx_word' id='word_1_217' title='bbox 404 2824 583 2891; x_wconf 88' lang='lat' dir='ltr'><strong>nunquam</strong></span> <span class='ocrx_word' id='word_1_218' title='bbox 613 2802 706 2892; x_wconf 89' lang='lat' dir='ltr'><strong>apud</strong></span> <span class='ocrx_word' id='word_1_219' title='bbox 738 2803 871 2869; x_wconf 93' lang='lat' dir='ltr'><strong>idolum</strong></span> <span class='ocrx_word' id='word_1_220' title='bbox 903 2824 1070 2892; x_wconf 87' lang='lat' dir='ltr'><strong>quaerere</strong></span> <span class='ocrx_word' id='word_1_221' title='bbox 1098 2803 1264 2892; x_wconf 89' lang='lat' dir='ltr'><strong>potuisset</strong></span> <span class='ocrx_word' id='word_1_222' title='bbox 1293 2802 1557 2891; x_wconf 89' lang='lat' dir='ltr'><strong>protectionem,</strong></span> 
     </span>
     <span class='ocr_line' id='line_1_25' title="bbox 229 2907 1560 2999; baseline -0.002 -25"><span class='ocrx_word' id='word_1_223' title='bbox 229 2907 375 2974; x_wconf 89' lang='lat' dir='ltr'><strong>advertit</strong></span> <span class='ocrx_word' id='word_1_224' title='bbox 407 2907 538 2976; x_wconf 84' lang='lat' dir='ltr'><strong>Calmet</strong></span> <span class='ocrx_word' id='word_1_225' title='bbox 567 2931 579 2974; x_wconf 93' lang='lat'><strong>.·</strong></span> <span class='ocrx_word' id='word_1_226' title='bbox 612 2909 731 2990; x_wconf 88' lang='lat' dir='ltr'><strong>Onias,</strong></span> <span class='ocrx_word' id='word_1_227' title='bbox 764 2910 840 2999; x_wconf 92' lang='lat' dir='ltr'><strong>pius</strong></span> <span class='ocrx_word' id='word_1_228' title='bbox 870 2910 953 2976; x_wconf 91' lang='lat' dir='ltr'><strong>licet</strong></span> <span class='ocrx_word' id='word_1_229' title='bbox 982 2932 1023 2976; x_wconf 90' lang='lat' dir='ltr'><strong>ac</strong></span> <span class='ocrx_word' id='word_1_230' title='bbox 1054 2908 1249 2996; x_wconf 90' lang='lat' dir='ltr'><strong>religiosus,</strong></span> <span class='ocrx_word' id='word_1_231' title='bbox 1283 2909 1383 2996; x_wconf 89' lang='lat' dir='ltr'><strong>gravi</strong></span> <span class='ocrx_word' id='word_1_232' title='bbox 1412 2907 1498 2975; x_wconf 94' lang='lat' dir='ltr'><strong>adeo</strong></span> <span class='ocrx_word' id='word_1_233' title='bbox 1522 2908 1560 2973; x_wconf 94' lang='lat' dir='ltr'><strong>in</strong></span> 
     </span>
     <span class='ocr_line' id='line_1_26' title="bbox 229 3013 1558 3105; baseline 0 -25"><span class='ocrx_word' id='word_1_234' title='bbox 229 3013 427 3082; x_wconf 89' lang='lat' dir='ltr'><strong>discrimine</strong></span> <span class='ocrx_word' id='word_1_235' title='bbox 446 3015 660 3098; x_wconf 79' lang='lat' dir='ltr'><strong>constitutae,</strong></span> <span class='ocrx_word' id='word_1_236' title='bbox 680 3016 817 3105; x_wconf 83' lang='lat' dir='ltr'><strong>prolani</strong></span> <span class='ocrx_word' id='word_1_237' title='bbox 837 3016 992 3084; x_wconf 89' lang='lat' dir='ltr'><strong>numinis</strong></span> <span class='ocrx_word' id='word_1_238' title='bbox 1006 3016 1101 3104; x_wconf 82' lang='lat' dir='ltr'><strong>asylo</strong></span> <span class='ocrx_word' id='word_1_239' title='bbox 1117 3015 1167 3083; x_wconf 91' lang='lat' dir='ltr'><strong>uti</strong></span> <span class='ocrx_word' id='word_1_240' title='bbox 1182 3015 1343 3102; x_wconf 77' lang='lat' dir='ltr'><strong>religioni</strong></span> <span class='ocrx_word' id='word_1_241' title='bbox 1361 3038 1431 3082; x_wconf 92' lang='lat' dir='ltr'><strong>non</strong></span> <span class='ocrx_word' id='word_1_242' title='bbox 1445 3015 1558 3095; x_wconf 78' lang='lat' dir='ltr'><strong>duxit3</strong></span> 
     </span>
     <span class='ocr_line' id='line_1_27' title="bbox 228 3120 1561 3212; baseline 0 -25"><span class='ocrx_word' id='word_1_243' title='bbox 228 3120 278 3188; x_wconf 89' lang='lat' dir='ltr'><strong>las</strong></span> <span class='ocrx_word' id='word_1_244' title='bbox 291 3121 498 3212; x_wconf 89' lang='lat' dir='ltr'><strong>quandoque</strong></span> <span class='ocrx_word' id='word_1_245' title='bbox 512 3127 561 3189; x_wconf 89' lang='lat' dir='ltr'><strong>est</strong></span> <span class='ocrx_word' id='word_1_246' title='bbox 575 3128 691 3212; x_wconf 93' lang='lat' dir='ltr'><strong>spreta</strong></span> <span class='ocrx_word' id='word_1_247' title='bbox 703 3123 779 3189; x_wconf 91' lang='lat' dir='ltr'><strong>lalsi</strong></span> <span class='ocrx_word' id='word_1_248' title='bbox 792 3123 945 3190; x_wconf 91' lang='lat' dir='ltr'><strong>numinis</strong></span> <span class='ocrx_word' id='word_1_249' title='bbox 959 3122 1128 3209; x_wconf 84' lang='lat' dir='ltr'><strong>religione</strong></span> <span class='ocrx_word' id='word_1_250' title='bbox 1140 3122 1184 3189; x_wconf 93' lang='lat' dir='ltr'><strong>iis</strong></span> <span class='ocrx_word' id='word_1_251' title='bbox 1199 3121 1377 3188; x_wconf 87' lang='lat' dir='ltr'><strong>beneficiis</strong></span> <span class='ocrx_word' id='word_1_252' title='bbox 1390 3121 1459 3188; x_wconf 87' lang='lat' dir='ltr'><strong>trui</strong></span> <span class='ocrx_word' id='word_1_253' title='bbox 1472 3143 1561 3210; x_wconf 91' lang='lat' dir='ltr'><strong>quae</strong></span> 
     </span>
     <span class='ocr_line' id='line_1_28' title="bbox 228 3227 1560 3296; baseline 0 -3"><span class='ocrx_word' id='word_1_254' title='bbox 228 3227 407 3294; x_wconf 89' lang='lat' dir='ltr'><strong>hominum</strong></span> <span class='ocrx_word' id='word_1_255' title='bbox 424 3250 521 3295; x_wconf 87' lang='lat' dir='ltr'><strong>error</strong></span> <span class='ocrx_word' id='word_1_256' title='bbox 538 3227 697 3296; x_wconf 88' lang='lat' dir='ltr'><strong>vellanis</strong></span> <span class='ocrx_word' id='word_1_257' title='bbox 717 3228 772 3294; x_wconf 94' lang='lat' dir='ltr'><strong>vel</strong></span> <span class='ocrx_word' id='word_1_258' title='bbox 789 3229 876 3294; x_wconf 89' lang='lat' dir='ltr'><strong>lucis</strong></span> <span class='ocrx_word' id='word_1_259' title='bbox 890 3229 941 3293; x_wconf 92' lang='lat' dir='ltr'><strong>illi</strong></span> <span class='ocrx_word' id='word_1_260' title='bbox 957 3228 1126 3294; x_wconf 90' lang='lat' dir='ltr'><strong>dedicatis</strong></span> <span class='ocrx_word' id='word_1_261' title='bbox 1140 3227 1295 3293; x_wconf 87' lang='lat' dir='ltr'><strong>contulit.</strong></span> <span class='ocrx_word' id='word_1_262' title='bbox 1316 3227 1486 3293; x_wconf 89' lang='lat' dir='ltr'><strong>Menelaus</strong></span> <span class='ocrx_word' id='word_1_263' title='bbox 1499 3227 1560 3293; x_wconf 92' lang='lat' dir='ltr'><strong>illa</strong></span> 
     </span>
     <span class='ocr_line' id='line_1_29' title="bbox 228 3331 1560 3424; baseline -0.001 -26"><span class='ocrx_word' id='word_1_264' title='bbox 228 3333 493 3423; x_wconf 88' lang='lat' dir='ltr'><strong>reprehensione</strong></span> <span class='ocrx_word' id='word_1_265' title='bbox 509 3334 662 3400; x_wconf 63' lang='lat' dir='ltr'><strong>offensus*</strong></span> <span class='ocrx_word' id='word_1_266' title='bbox 674 3334 772 3401; x_wconf 69' lang='grc' dir='ltr'><strong>λαὲὼν</strong></span> <span class='ocrx_word' id='word_1_267' title='bbox 793 3337 850 3424; x_wconf 72' lang='grc' dir='ltr'><strong>ἰδίᾳ</strong></span> <span class='ocrx_word' id='word_1_268' title='bbox 867 3333 1023 3415; x_wconf 89' lang='lat' dir='ltr'><strong>seorsim,</strong></span> <span class='ocrx_word' id='word_1_269' title='bbox 1041 3333 1131 3399; x_wconf 90' lang='lat' dir='ltr'><strong>clam</strong></span> <span class='ocrx_word' id='word_1_270' title='bbox 1150 3331 1384 3399; x_wconf 89' lang='lat' dir='ltr'><strong>Andronicum</strong></span> <span class='ocrx_word' id='word_1_271' title='bbox 1400 3332 1560 3398; x_wconf 89' lang='lat' dir='ltr'><strong>convenit</strong></span> 
     </span>
     <span class='ocr_line' id='line_1_30' title="bbox 228 3437 1559 3530; baseline -0.002 -24"><span class='ocrx_word' id='word_1_272' title='bbox 228 3462 374 3530; x_wconf 92' lang='lat' dir='ltr'><strong>eumque</strong></span> <span class='ocrx_word' id='word_1_273' title='bbox 395 3440 571 3526; x_wconf 89' lang='lat' dir='ltr'><strong>instigavit</strong></span> <span class='ocrx_word' id='word_1_274' title='bbox 593 3441 789 3528; x_wconf 75' lang='grc' dir='ltr'>χειρώσασθαι</span> <span class='ocrx_word' id='word_1_275' title='bbox 814 3460 937 3506; x_wconf 88' lang='lat' dir='ltr'><strong>manus</strong></span> <span class='ocrx_word' id='word_1_276' title='bbox 957 3438 1102 3520; x_wconf 80' lang='lat' dir='ltr'><strong>inferre,</strong></span> <span class='ocrx_word' id='word_1_277' title='bbox 1128 3437 1296 3505; x_wconf 91' lang='lat' dir='ltr'><strong>occidere.</strong></span> <span class='ocrx_word' id='word_1_278' title='bbox 1317 3437 1444 3504; x_wconf 84' lang='lat' dir='ltr'><strong>Timuit</strong></span> <span class='ocrx_word' id='word_1_279' title='bbox 1467 3437 1559 3504; x_wconf 89' lang='lat' dir='ltr'><strong>enim</strong></span> 
     </span>
     <span class='ocr_line' id='line_1_31' title="bbox 229 3544 1559 3633; baseline -0.001 -21"><span class='ocrx_word' id='word_1_280' title='bbox 229 3546 399 3614; x_wconf 89' lang='lat' dir='ltr'><strong>Menelaus</strong></span> <span class='ocrx_word' id='word_1_281' title='bbox 417 3548 527 3613; x_wconf 90' lang='lat' dir='ltr'><strong>sciens</strong></span> <span class='ocrx_word' id='word_1_282' title='bbox 546 3547 665 3613; x_wconf 87' lang='lat' dir='ltr'><strong>Oniam</strong></span> <span class='ocrx_word' id='word_1_283' title='bbox 687 3568 707 3613; x_wconf 87' lang='lat' dir='ltr'><strong>a</strong></span> <span class='ocrx_word' id='word_1_284' title='bbox 727 3567 810 3633; x_wconf 90' lang='lat' dir='ltr'><strong>rege</strong></span> <span class='ocrx_word' id='word_1_285' title='bbox 828 3547 947 3632; x_wconf 89' lang='lat' dir='ltr'><strong>magni</strong></span> <span class='ocrx_word' id='word_1_286' title='bbox 967 3544 1142 3612; x_wconf 89' lang='lat' dir='ltr'><strong>aestimari</strong></span> <span class='ocrx_word' id='word_1_287' title='bbox 1164 3545 1210 3631; x_wconf 78' lang='grc' dir='ltr'><strong>(ν.</strong></span> <span class='ocrx_word' id='word_1_288' title='bbox 1232 3544 1364 3632; x_wconf 70' lang='lat' dir='ltr'><strong>3⁸1)ne,</strong></span> <span class='ocrx_word' id='word_1_289' title='bbox 1386 3566 1464 3610; x_wconf 92' lang='lat' dir='ltr'><strong>cum</strong></span> <span class='ocrx_word' id='word_1_290' title='bbox 1487 3546 1559 3633; x_wconf 90' lang='lat' dir='ltr'><strong>ipse</strong></span> 
     </span>
     <span class='ocr_line' id='line_1_32' title="bbox 227 3650 1559 3743; baseline -0.002 -24"><span class='ocrx_word' id='word_1_291' title='bbox 227 3674 298 3719; x_wconf 91' lang='lat' dir='ltr'><strong>non</strong></span> <span class='ocrx_word' id='word_1_292' title='bbox 313 3654 467 3720; x_wconf 85' lang='lat' dir='ltr'><strong>solvisset</strong></span> <span class='ocrx_word' id='word_1_293' title='bbox 480 3653 673 3743; x_wconf 89' lang='lat' dir='ltr'><strong>pecuniam,</strong></span> <span class='ocrx_word' id='word_1_294' title='bbox 692 3653 792 3719; x_wconf 88' lang='lat' dir='ltr'><strong>Onias</strong></span> <span class='ocrx_word' id='word_1_295' title='bbox 808 3653 948 3718; x_wconf 87' lang='lat' dir='ltr'><strong>domum</strong></span> <span class='ocrx_word' id='word_1_296' title='bbox 964 3674 985 3717; x_wconf 89' lang='lat' dir='ltr'><strong>a</strong></span> <span class='ocrx_word' id='word_1_297' title='bbox 996 3673 1079 3738; x_wconf 90' lang='lat' dir='ltr'><strong>rege</strong></span> <span class='ocrx_word' id='word_1_298' title='bbox 1089 3650 1341 3732; x_wconf 83' lang='lat' dir='ltr'><strong>restitueretur3</strong></span> <span class='ocrx_word' id='word_1_299' title='bbox 1357 3672 1464 3740; x_wconf 90' lang='lat' dir='ltr'><strong>quare</strong></span> <span class='ocrx_word' id='word_1_300' title='bbox 1480 3673 1559 3716; x_wconf 90' lang='lat' dir='ltr'><strong>eum</strong></span> 
     </span>
     <span class='ocr_line' id='line_1_33' title="bbox 225 3756 1559 3849; baseline -0.001 -23"><span class='ocrx_word' id='word_1_301' title='bbox 225 3761 467 3848; x_wconf 90' lang='lat' dir='ltr'><strong>perimendum</strong></span> <span class='ocrx_word' id='word_1_302' title='bbox 492 3783 564 3828; x_wconf 87' lang='lat' dir='ltr'><strong>esse</strong></span> <span class='ocrx_word' id='word_1_303' title='bbox 586 3759 652 3827; x_wconf 90' lang='lat' dir='ltr'><strong>sibi</strong></span> <span class='ocrx_word' id='word_1_304' title='bbox 676 3759 848 3849; x_wconf 86' lang='lat' dir='ltr'><strong>persuasit</strong></span> <span class='ocrx_word' id='word_1_305' title='bbox 869 3781 951 3825; x_wconf 91' lang='lat' dir='ltr'><strong>suae</strong></span> <span class='ocrx_word' id='word_1_306' title='bbox 976 3757 1151 3824; x_wconf 88' lang='lat' dir='ltr'><strong>vindictae</strong></span> <span class='ocrx_word' id='word_1_307' title='bbox 1175 3757 1277 3823; x_wconf 90' lang='lat' dir='ltr'><strong>simul</strong></span> <span class='ocrx_word' id='word_1_308' title='bbox 1301 3779 1341 3822; x_wconf 90' lang='lat' dir='ltr'><strong>ac</strong></span> <span class='ocrx_word' id='word_1_309' title='bbox 1366 3756 1559 3824; x_wconf 89' lang='lat' dir='ltr'><strong>securitatis</strong></span> 
     </span>
     <span class='ocr_line' id='line_1_34' title="bbox 227 3863 1558 3954; baseline -0.001 -24"><span class='ocrx_word' id='word_1_310' title='bbox 227 3867 349 3952; x_wconf 90' lang='lat' dir='ltr'><strong>gratia.</strong></span> <span class='ocrx_word' id='word_1_311' title='bbox 373 3871 455 3933; x_wconf 89' lang='lat' dir='ltr'><strong>Nam</strong></span> <span class='ocrx_word' id='word_1_312' title='bbox 474 3866 593 3934; x_wconf 89' lang='lat' dir='ltr'><strong>audire</strong></span> <span class='ocrx_word' id='word_1_313' title='bbox 610 3873 761 3954; x_wconf 72' lang='grc' dir='ltr'><strong>ἱερὲσυλον</strong></span> <span class='ocrx_word' id='word_1_314' title='bbox 778 3865 883 3932; x_wconf 89' lang='lat' dir='ltr'><strong>etiam</strong></span> <span class='ocrx_word' id='word_1_315' title='bbox 900 3864 993 3954; x_wconf 89' lang='lat' dir='ltr'><strong>apud</strong></span> <span class='ocrx_word' id='word_1_316' title='bbox 1010 3869 1154 3931; x_wconf 88' lang='lat' dir='ltr'><strong>Graecos</strong></span> <span class='ocrx_word' id='word_1_317' title='bbox 1168 3863 1355 3953; x_wconf 91' lang='lat' dir='ltr'><strong>opprobrio</strong></span> <span class='ocrx_word' id='word_1_318' title='bbox 1369 3868 1453 3943; x_wconf 89' lang='lat' dir='ltr'><strong>erat,</strong></span> <span class='ocrx_word' id='word_1_319' title='bbox 1473 3869 1506 3929; x_wconf 91' lang='lat' dir='ltr'><strong>et</strong></span> <span class='ocrx_word' id='word_1_320' title='bbox 1523 3869 1558 3929; x_wconf 94' lang='lat' dir='ltr'><strong>ut</strong></span> 
     </span>
     <span class='ocr_line' id='line_1_35' title="bbox 228 3971 1066 4062; baseline -0.001 -24"><span class='ocrx_word' id='word_1_321' title='bbox 228 3972 304 4039; x_wconf 85' lang='lat' dir='ltr'><strong>talis</strong></span> <span class='ocrx_word' id='word_1_322' title='bbox 319 3973 488 4040; x_wconf 90' lang='lat' dir='ltr'><strong>Menelaus</strong></span> <span class='ocrx_word' id='word_1_323' title='bbox 500 3973 545 4040; x_wconf 93' lang='lat' dir='ltr'><strong>ab</strong></span> <span class='ocrx_word' id='word_1_324' title='bbox 558 3974 643 4040; x_wconf 88' lang='lat' dir='ltr'><strong>Onia</strong></span> <span class='ocrx_word' id='word_1_325' title='bbox 658 3979 731 4040; x_wconf 92' lang='lat' dir='ltr'><strong>erat</strong></span> <span class='ocrx_word' id='word_1_326' title='bbox 746 3972 862 4062; x_wconf 91' lang='lat' dir='ltr'><strong>palam</strong></span> <span class='ocrx_word' id='word_1_327' title='bbox 877 3971 1066 4038; x_wconf 80' lang='lat' dir='ltr'><strong>traductus</strong></span> 
     </span>
    </p>

    <p class='ocr_par' dir='ltr' id='par_1_5' title="bbox 202 4076 1558 4702">
     <span class='ocr_line' id='line_1_36' title="bbox 273 4076 1558 4166; baseline -0.002 -20"><span class='ocrx_word' id='word_1_328' title='bbox 273 4080 413 4156; x_wconf 82' lang='lat' dir='ltr'><strong>Qualem</strong></span> <span class='ocrx_word' id='word_1_329' title='bbox 444 4081 603 4147; x_wconf 88' lang='lat' dir='ltr'><strong>astutiam</strong></span> <span class='ocrx_word' id='word_1_330' title='bbox 633 4103 672 4150; x_wconf 88' lang='lat' dir='ltr'><strong>ac</strong></span> <span class='ocrx_word' id='word_1_331' title='bbox 703 4079 873 4146; x_wconf 83' lang='lat' dir='ltr'><strong>vafritiem</strong></span> <span class='ocrx_word' id='word_1_332' title='bbox 904 4077 1121 4160; x_wconf 90' lang='lat' dir='ltr'><strong>adhibuerit,</strong></span> <span class='ocrx_word' id='word_1_333' title='bbox 1150 4101 1218 4166; x_wconf 89' lang='lat' dir='ltr'><strong>qua</strong></span> <span class='ocrx_word' id='word_1_334' title='bbox 1251 4076 1486 4145; x_wconf 86' lang='lat' dir='ltr'><strong>Andronicum</strong></span> <span class='ocrx_word' id='word_1_335' title='bbox 1514 4077 1558 4144; x_wconf 90' lang='lat' dir='ltr'><strong>ad</strong></span> 
     </span>
     <span class='ocr_line' id='line_1_37' title="bbox 229 4182 1556 4275; baseline -0.002 -24"><span class='ocrx_word' id='word_1_336' title='bbox 229 4182 339 4252; x_wconf 83' lang='lat' dir='ltr'><strong>scelus</strong></span> <span class='ocrx_word' id='word_1_337' title='bbox 367 4187 638 4275; x_wconf 89' lang='lat' dir='ltr'><strong>perpetrandum</strong></span> <span class='ocrx_word' id='word_1_338' title='bbox 667 4187 710 4252; x_wconf 89' lang='lat' dir='ltr'><strong>sit</strong></span> <span class='ocrx_word' id='word_1_339' title='bbox 735 4185 912 4264; x_wconf 88' lang='lat' dir='ltr'><strong>inductus,</strong></span> <span class='ocrx_word' id='word_1_340' title='bbox 939 4208 1009 4252; x_wconf 90' lang='lat' dir='ltr'><strong>non</strong></span> <span class='ocrx_word' id='word_1_341' title='bbox 1035 4185 1175 4252; x_wconf 88' lang='lat' dir='ltr'><strong>dicitur.</strong></span> <span class='ocrx_word' id='word_1_342' title='bbox 1206 4185 1420 4252; x_wconf 89' lang='lat' dir='ltr'><strong>Andronicus</strong></span> <span class='ocrx_word' id='word_1_343' title='bbox 1446 4184 1556 4252; x_wconf 89' lang='lat' dir='ltr'><strong>solum</strong></span> 
     </span>
     <span class='ocr_line' id='line_1_38' title="bbox 231 4289 1558 4382; baseline -0.002 -24"><span class='ocrx_word' id='word_1_344' title='bbox 231 4291 356 4360; x_wconf 89' lang='lat' dir='ltr'><strong>dicitur</strong></span> <span class='ocrx_word' id='word_1_345' title='bbox 375 4300 504 4372; x_wconf 70' lang='grc' dir='ltr'>πεισθεὶς</span> <span class='ocrx_word' id='word_1_346' title='bbox 526 4300 572 4361; x_wconf 79' lang='grc' dir='ltr'><strong>ἐπὶ</strong></span> <span class='ocrx_word' id='word_1_347' title='bbox 595 4300 673 4381; x_wconf 69' lang='grc' dir='ltr'><strong>δόλῳ</strong></span> <span class='ocrx_word' id='word_1_348' title='bbox 691 4293 869 4382; x_wconf 86' lang='lat' dir='ltr'><strong>(omissum</strong></span> <span class='ocrx_word' id='word_1_349' title='bbox 891 4299 942 4358; x_wconf 90' lang='lat' dir='ltr'><strong>est</strong></span> <span class='ocrx_word' id='word_1_350' title='bbox 962 4292 999 4359; x_wconf 92' lang='lat' dir='ltr'><strong>in</strong></span> <span class='ocrx_word' id='word_1_351' title='bbox 1018 4292 1128 4380; x_wconf 85' lang='lat' dir='ltr'><strong>vulg),</strong></span> <span class='ocrx_word' id='word_1_352' title='bbox 1146 4292 1307 4358; x_wconf 91' lang='lat' dir='ltr'><strong>inductus</strong></span> <span class='ocrx_word' id='word_1_353' title='bbox 1330 4295 1393 4371; x_wconf 87' lang='lat' dir='ltr'><strong>est,</strong></span> <span class='ocrx_word' id='word_1_354' title='bbox 1419 4297 1456 4356; x_wconf 92' lang='lat' dir='ltr'><strong>ut</strong></span> <span class='ocrx_word' id='word_1_355' title='bbox 1479 4289 1558 4356; x_wconf 89' lang='lat' dir='ltr'><strong>dolo</strong></span> 
     </span>
     <span class='ocr_line' id='line_1_39' title="bbox 229 4398 1557 4487; baseline -0.002 -21"><span class='ocrx_word' id='word_1_356' title='bbox 229 4405 395 4467; x_wconf 88' lang='lat' dir='ltr'><strong>uteretur.</strong></span> <span class='ocrx_word' id='word_1_357' title='bbox 418 4400 518 4466; x_wconf 81' lang='lat' dir='ltr'><strong>bolus</strong></span> <span class='ocrx_word' id='word_1_358' title='bbox 537 4400 573 4466; x_wconf 93' lang='lat' dir='ltr'><strong>in</strong></span> <span class='ocrx_word' id='word_1_359' title='bbox 592 4423 632 4466; x_wconf 91' lang='lat' dir='ltr'><strong>eo</strong></span> <span class='ocrx_word' id='word_1_360' title='bbox 657 4405 741 4479; x_wconf 89' lang='lat' dir='ltr'><strong>erat,</strong></span> <span class='ocrx_word' id='word_1_361' title='bbox 766 4403 803 4465; x_wconf 93' lang='lat' dir='ltr'><strong>ut</strong></span> <span class='ocrx_word' id='word_1_362' title='bbox 823 4399 989 4465; x_wconf 89' lang='lat' dir='ltr'><strong>salutatus</strong></span> <span class='ocrx_word' id='word_1_363' title='bbox 1012 4398 1071 4487; x_wconf 84' lang='lat' dir='ltr'><strong>(ab</strong></span> <span class='ocrx_word' id='word_1_364' title='bbox 1091 4399 1188 4479; x_wconf 86' lang='lat' dir='ltr'><strong>Onia,</strong></span> <span class='ocrx_word' id='word_1_365' title='bbox 1211 4404 1383 4478; x_wconf 71' lang='grc' dir='ltr'><strong>ἓεξικσθείς,</strong></span> <span class='ocrx_word' id='word_1_366' title='bbox 1408 4401 1557 4476; x_wconf 74' lang='grc' dir='ltr'>ἓεξιωθείς</span> 
     </span>
     <span class='ocr_line' id='line_1_40' title="bbox 202 4501 1555 4595; baseline -0.002 -25"><span class='ocrx_word' id='word_1_367' title='bbox 202 4505 203 4508; x_wconf 66' lang='grc'>’</span> <span class='ocrx_word' id='word_1_368' title='bbox 228 4513 388 4595; x_wconf 87' lang='lat' dir='ltr'><strong>porrecta</strong></span> <span class='ocrx_word' id='word_1_369' title='bbox 407 4507 526 4573; x_wconf 88' lang='lat' dir='ltr'><strong>dextra</strong></span> <span class='ocrx_word' id='word_1_370' title='bbox 546 4506 724 4594; x_wconf 83' lang='lat' dir='ltr'><strong>salutatus)</strong></span> <span class='ocrx_word' id='word_1_371' title='bbox 746 4507 776 4571; x_wconf 91' lang='lat' dir='ltr'><strong>ei</strong></span> <span class='ocrx_word' id='word_1_372' title='bbox 797 4505 974 4572; x_wconf 89' lang='lat' dir='ltr'><strong>dexteram</strong></span> <span class='ocrx_word' id='word_1_373' title='bbox 995 4527 1074 4571; x_wconf 92' lang='lat' dir='ltr'><strong>cum</strong></span> <span class='ocrx_word' id='word_1_374' title='bbox 1096 4504 1300 4571; x_wconf 89' lang='lat' dir='ltr'><strong>iuramentis</strong></span> <span class='ocrx_word' id='word_1_375' title='bbox 1319 4503 1417 4569; x_wconf 89' lang='lat' dir='ltr'><strong>daret</strong></span> <span class='ocrx_word' id='word_1_376' title='bbox 1438 4508 1473 4568; x_wconf 92' lang='lat' dir='ltr'><strong>et</strong></span> <span class='ocrx_word' id='word_1_377' title='bbox 1491 4501 1555 4583; x_wconf 87' lang='lat' dir='ltr'><strong>ita,</strong></span> 
     </span>
     <span class='ocr_line' id='line_1_41' title="bbox 228 4609 1557 4702; baseline -0.003 -24"><span class='ocrx_word' id='word_1_378' title='bbox 228 4614 386 4702; x_wconf 85' lang='lat' dir='ltr'><strong>quamvis</strong></span> <span class='ocrx_word' id='word_1_379' title='bbox 413 4613 516 4680; x_wconf 86' lang='lat' dir='ltr'><strong>Ouiae</strong></span> <span class='ocrx_word' id='word_1_380' title='bbox 542 4635 595 4680; x_wconf 93' lang='lat' dir='ltr'><strong>res</strong></span> <span class='ocrx_word' id='word_1_381' title='bbox 623 4613 796 4679; x_wconf 88' lang='lat' dir='ltr'><strong>videretur</strong></span> <span class='ocrx_word' id='word_1_382' title='bbox 821 4619 980 4702; x_wconf 90' lang='lat' dir='ltr'><strong>suspecta</strong></span> <span class='ocrx_word' id='word_1_383' title='bbox 1006 4633 1071 4678; x_wconf 90' lang='lat' dir='ltr'><strong>nec</strong></span> <span class='ocrx_word' id='word_1_384' title='bbox 1094 4613 1174 4678; x_wconf 90' lang='lat' dir='ltr'><strong>satis</strong></span> <span class='ocrx_word' id='word_1_385' title='bbox 1199 4609 1321 4676; x_wconf 86' lang='lat' dir='ltr'><strong>tideret</strong></span> <span class='ocrx_word' id='word_1_386' title='bbox 1344 4609 1557 4691; x_wconf 90' lang='lat' dir='ltr'><strong>Andronico,</strong></span> 
     </span>
    </p>

    <p class='ocr_par' dir='ltr' id='par_1_6' title="bbox 231 4715 1561 4810">
     <span class='ocr_line' id='line_1_42' title="bbox 231 4715 1561 4810; baseline -0.002 -24"><span class='ocrx_word' id='word_1_387' title='bbox 231 4721 333 4787; x_wconf 87' lang='lat' dir='ltr'><strong>Ouiae</strong></span> <span class='ocrx_word' id='word_1_388' title='bbox 356 4719 577 4810; x_wconf 91' lang='lat' dir='ltr'><strong>persuaderet</strong></span> <span class='ocrx_word' id='word_1_389' title='bbox 596 4743 635 4787; x_wconf 87' lang='lat' dir='ltr'><strong>ex</strong></span> <span class='ocrx_word' id='word_1_390' title='bbox 658 4717 753 4806; x_wconf 83' lang='lat' dir='ltr'><strong>a&#39;sylo</strong></span> <span class='ocrx_word' id='word_1_391' title='bbox 777 4718 887 4804; x_wconf 86' lang='lat' dir='ltr'><strong>exire;</strong></span> <span class='ocrx_word' id='word_1_392' title='bbox 915 4740 1019 4808; x_wconf 88' lang='lat' dir='ltr'><strong>quem</strong></span> <span class='ocrx_word' id='word_1_393' title='bbox 1042 4718 1157 4785; x_wconf 88' lang='lat' dir='ltr'><strong>statim</strong></span> <span class='ocrx_word' id='word_1_394' title='bbox 1180 4717 1273 4806; x_wconf 71' lang='lat' dir='ltr'><strong>asylo</strong></span> <span class='ocrx_word' id='word_1_395' title='bbox 1293 4717 1413 4785; x_wconf 87' lang='lat' dir='ltr'><strong>relicto</strong></span> <span class='ocrx_word' id='word_1_396' title='bbox 1437 4715 1561 4783; x_wconf 91' lang='lat' dir='ltr'><strong>occidit</strong></span> 
     </span>
    </p>
   </div>
   <div class='ocr_carea' id='block_1_3' title="bbox 1702 4894 1789 5008">
    <p class='ocr_par' dir='ltr' id='par_1_7' title="bbox 1702 4894 1789 5008">
     <span class='ocr_line' id='line_1_43' title="bbox 1702 4894 1789 5008; baseline 0 -45"><span class='ocrx_word' id='word_1_397' title='bbox 1702 4894 1789 5008; x_wconf 42' lang='grc' dir='ltr'><em>Α</em></span> 
     </span>
    </p>
   </div>
   <div class='ocr_carea' id='block_1_4' title="bbox 0 0 1818 5367">
    <p class='ocr_par' dir='ltr' id='par_1_8' title="bbox 0 0 1818 5367">
     <span class='ocr_line' id='line_1_44' title="bbox 0 0 1818 5367; baseline 0 4"><span class='ocrx_word' id='word_1_398' title='bbox 0 0 1818 5367; x_wconf 95' lang='lat' dir='ltr'><strong> </strong></span> 
     </span>
    </p>
   </div>
  </div>
 </body>
</html>
