3625 5367
731 384 773 440 -1,
797 399 892 444 utcu.
916 382 1017 454 1435.
1492 385 1549 444 243

215 551 238 594 el
254 545 462 607 superdrmael
477 537 722 602 superpraett'dla,
740 536 785 586 63.
802 544 825 585 el
870 533 916 591 καὶ
945 531 988 590 ἐπὶ
1019 534 1071 590 τῶν
1101 532 1294 614 θχυροῳιάτων1
1324 535 1373 596 43,
1404 531 1450 591 καὶ
1479 531 1549 600 ὅπως

214 646 281 683 curo
302 631 338 680 sit
360 628 407 678 illl
430 629 460 677 de
480 628 593 686 sanctis,
611 633 634 674 et
651 632 680 675 ut
695 627 825 676 audiatur
872 620 942 700 μέλῃ
957 622 1030 701 αὐτῷ
1044 620 1105 699 περὶ
1120 623 1171 679 τῶν
1183 619 1266 700 ἃγέων
1279 620 1325 680 καὶ
1336 621 1408 689 ὅπως
1422 621 1550 694 ἀκούηται

216 721 251 770 ab
281 718 405 769 omullus
431 723 456 766 et
485 717 641 766 scribantur
665 716 697 764 lu
719 714 826 764 uomtne
872 709 922 770 ὑπὸ
951 711 1058 768 πάντων
1088 709 1134 767 καὶ
1160 709 1232 776 ὅπως
1261 711 1414 790 γράφωνται
1443 709 1486 770 ἐπὶ
1511 714 1550 793 τῷ

211 811 270 859 eius
294 821 384 858 ommes
412 804 623 869 conscriptiones
649 804 680 852 lu
706 804 824 867 cepione,
872 798 984 876 ὀνόματι
1003 799 1084 857 αὐτοῦ
1101 809 1186 858 πᾶσαι
1205 798 1357 878 συγγραφαὶ
1377 801 1402 858 έν
1421 803 1454 878 τῇ
1473 798 1550 880 χώρῳ

214 906 238 946 et
254 904 284 946 ut
298 897 439 960 operiatur
456 907 581 958 purpura
598 901 622 942 et
638 905 716 942 auro.
734 891 777 942 ll.
794 893 826 940 El
871 888 917 946 καὶ
941 887 1012 954 ὅπως
1031 885 1209 965 περιόόλητοιι
1230 887 1365 970 πυρφόρον
1387 887 1432 946 καὶ
1450 910 1549 969 χρυσο-

213 999 246 1036 ue
271 984 350 1035 liceat
371 983 424 1033 ulli
440 996 471 1031 ec
491 981 592 1047 populo
615 989 640 1030 et
657 995 687 1030 ec
702 981 826 1030 socerdo-
871 980 951 1056 φορῇ.
974 980 1023 1036 ll.
1044 975 1099 1035 Καὶ
1127 977 1175 1034 οὐκ
1202 975 1285 1044 illem
1312 977 1398 1036 οὒδινὶ
1419 981 1463 1036 τοῦ
1484 978 1550 1036 λοοῦ

214 1076 285 1124 tibus
305 1074 419 1122 lrrltum
445 1071 532 1136 sotere
558 1069 666 1132 aliquid
686 1069 781 1119 borum
802 1076 825 1118 et
871 1065 918 1123 καὶ
938 1067 988 1123 τῶν
1003 1062 1094 1144 ἱερέων
1107 1065 1235 1136 ἀθετῆσαό
1247 1088 1273 1123 τι
1287 1067 1386 1125 τούτων
1401 1065 1446 1124 καὶ
1461 1067 1550 1123 ἀντει-

219 1162 402 1215 coutradtcere
428 1162 470 1212 tels
495 1173 564 1222 quoe
586 1159 620 1208 ob
639 1173 667 1208 eo
687 1159 824 1219 dicuutur,
871 1160 930 1212 πιῑν
951 1159 1004 1220 τοῖς
1025 1153 1070 1211 ὑπ’
1087 1154 1165 1212 αὐτοῦ
1182 1152 1379 1234 ῥηθησομένοις,
1396 1153 1442 1214 καλ
1462 1155 1550 1214 ἐπισυ-

223 1261 269 1302 aut
299 1263 444 1301 couoocure
476 1255 633 1298 couoeutum
658 1249 690 1296 lu
717 1248 826 1310 cepione
872 1241 983 1323 στρέψαι
996 1242 1145 1323 συστροφὴν
1159 1245 1184 1302 έν
1197 1247 1230 1321 τῇ
1239 1242 1316 1323 χώρῳ
1327 1242 1388 1302 ἄνευ
1402 1245 1492 1314 αὐτοῦ,
1504 1243 1550 1301 καὶ

219 1342 278 1390 stuc
311 1340 380 1404 ipso,
404 1340 442 1387 σι’
456 1337 550 1389 vestiri
578 1350 705 1402 purpura
731 1342 754 1386 tt
785 1336 827 1386 utt‘
871 1330 1064 1406 περιθαλέσθαι
1092 1331 1228 1411 πορρόραν
1265 1330 1311 1389 καὶ
1348 1333 1551 1442 έμπορπυῧσθαι
1641 1395 1645 1406 ¹

219 1427 304 1495 fibula
335 1440 435 1487 aurco,·
473 1426 516 1476 to.
542 1426 588 1488 qut
619 1432 707 1476 autem
734 1423 824 1490 feccrit
871 1420 976 1498 πόρπην
1009 1422 1123 1500 χρυσῆν·
1143 1423 1192 1480 45.
1215 1419 1242 1485 te
1270 1419 1327 1478 tls
1360 1443 1434 1500 παρα
1465 1442 1550 1478 ταυτα

220 1524 298 1566 extra
322 1518 385 1566 hacc
408 1522 454 1564 out
472 1516 583 1564 lrrr'tum
605 1514 697 1577 fecerit
719 1513 826 1576 aliquid
872 1507 970 1586 ποιήσῃ
990 1507 1007 1580 ἢ
1031 1507 1148 1587 όθετήσῃ
1169 1531 1195 1566 τι
1218 1505 1332 1586 τοότων,
1355 1507 1476 1588 ἔνοχος
1463 1530 1550 1569 εσται.

221 1608 325 1666 trorum,
350 1619 412 1654 rtur
443 1605 505 1654 crit
533 1603 576 1653 66
603 1603 635 1652 El
667 1602 826 1666 complacuit
872 1599 923 1658 lb.
935 1596 991 1656 Kal
1010 1595 1136 1669 εθδόκησι
1155 1605 1207 1664 πᾶς
1226 1601 1240 1655 δ
1257 1597 1320 1664 λαὸς
1340 1597 1431 1656 θέσθαι
1448 1596 1551 1673 Σίμωνι

220 1696 293 1744 omut'
306 1693 407 1760 populo
420 1700 537 1742 statuere
552 1693 685 1742 Simonem
700 1697 724 1740 et
739 1691 826 1754 [acere
872 1689 983 1757 ποιῆσαι
1004 1683 1075 1744 κατὰ
1096 1684 1156 1752 τοὺς
1175 1685 1269 1762 λόγους
1290 1685 1406 1750 τούτους.
1424 1688 1475 1748 l'l.
1497 1685 1551 1746 Καὶ

220 1784 363 1833 secuudum
392 1783 475 1832 uerba
500 1783 564 1831 istc.
589 1780 633 1831 ll.
652 1781 684 1829 Et
712 1781 827 1843 suscepit
873 1773 1015 1840 ἐπεδέξατο
1032 1772 1339 1852 Σίμωνκαλιῦδόκησιν
1354 1773 1552 1856 ἀρχιερατεύων

220 1874 314 1921 Simon
337 1872 363 1922 tt
387 1870 492 1935 placuit
517 1871 542 1919 et
564 1877 593 1919 ut
614 1882 714 1918 summo
738 1882 828 1918 sucer—
873 1863 919 1921 uui
942 1851 1010 1921 eleut
1032 1885 1179 1940 στρατηγός
1197 1861 1243 1921 καὶ
1265 1863 1448 1946 ἐθνάρχης
1413 1887 1465 1922 των
1480 1861 1551 1922 ’-Ιου

220 1961 293 2010 dotto
316 1960 474 2025 rumperetur
497 1964 521 2007 et
543 1965 607 2008 esset
626 1958 680 2007 dux
703 1965 728 2007 et
750 1957 828 2021 prim·
873 1951 954 2012 δαίων
994 1951 1040 2010 καθ
1077 1952 1167 2031 ἱερέων
1206 1950 1252 2010 καὶ
1287 1957 1333 2010 τοῦ
1367 1955 1552 2067 προστατῆσαι

220 2063 279 2113 ceps
300 2050 386 2111 peutts
410 2047 570 2097 Iudaeorum
584 2053 608 2096 et
622 2047 789 2096 sacerdotum
803 2053 827 2095 et
873 2040 990 2100 πάντων.

219 2143 352 2202 protestet
367 2137 501 2186 ommibus.

258 2225 301 2277 48.
314 2228 347 2275 Et
362 2226 526 2289 scripturum
543 2226 624 2273 istam
638 2225 764 2274 dicerunt
778 2238 828 2287 po·
915 2220 964 2278 48.
989 2216 1044 2276 Kal
1062 2216 1110 2287 τὴν
1128 2215 1232 2298 γραφὴν
1251 2215 1350 2288 ταύτην
1368 2207 1442 2275 εἶπον
1462 2217 1552 2277 θέσθαι

221 2329 284 2365 uere
306 2318 337 2365 tn
355 2315 456 2364 tabulis
476 2315 562 2363 aereis
580 2321 604 2362 et
620 2326 720 2377 poucre
734 2325 779 2361 eor
798 2314 830 2361 tu
874 2309 902 2364 έν
915 2306 1016 2371 δέλτοις
1030 2307 1144 2385 χαλκαῖς
1160 2304 1206 2364 καθ
1224 2307 1321 2374 στῆσαι
1337 2306 1417 2374 αὐτὸς
1432 2307 1457 2364 έν
1475 2329 1552 2388 περι-

221 2403 343 2469 peribolo
377 2410 531 2453 sauctorum
564 2402 595 2451 iu
629 2400 683 2450 loco
715 2400 813 2451 celebri
821 2415 828 2459 ;
875 2394 947 2475 όόλῳ
961 2398 1013 2453 τῶν
1031 2393 1112 2472 ἁγίων
1128 2396 1154 2452 έν
1169 2393 1241 2473 τόπῳ
1257 2392 1392 2475 ἐπισήμῳ·
1408 2399 1457 2456 49.
1472 2395 1505 2452 τὰ
1525 2395 1552 2455 δέ

223 2492 268 2544 49.
289 2491 437 2559 exemplum
463 2497 551 2540 autem
571 2503 661 2540 corum
681 2503 779 2553 pouere
799 2491 830 2538 iu
877 2483 1025 2563 ἀντίγραφοι
1040 2484 1125 2541 αὐτῶν
1140 2481 1231 2541 θέσθαι
1250 2483 1277 2540 έν
1297 2487 1334 2560 τῷ
1352 2484 1549 2565 γαζοφυλακίῳ,

225 2582 342 2642 aerario,
379 2587 409 2629 ut
454 2580 549 2629 babeat
592 2580 685 2629 Simon
718 2585 741 2636 et
777 2577 830 2642 plu
876 2569 947 2640 ὅπως
962 2570 1011 2650 έχῃ
1025 2573 1117 2647 Σίμων
1132 2572 1177 2630 καὶ
1191 2572 1215 2629 ol
1233 2569 1284 2628 uici
1299 2575 1388 2630 αὐτοῦ.

222 2685 289 2720 etur.

260 2830 292 2880 ln
307 2843 334 2879 v.
351 2828 381 2879 m
400 2844 438 2877 οτι
453 2840 517 2878 esse
530 2825 707 2877 retinendum
721 2827 798 2874 utere
813 2828 909 2875 monet
926 2822 963 2888 (p.
980 2817 1039 2890 50);
1056 2835 1121 2874 nam
1134 2823 1188 2873 isto
1203 2821 1315 2874 decreto
1331 2823 1473 2875 Simonem
1495 2840 1552 2877 non

223 2918 361 2969 declarari
376 2915 546 2981 pontificem,
563 2927 661 2965 verum
675 2915 797 2978 supponi
810 2927 873 2964 eam
887 2913 1052 2975 dignitatem
1068 2913 1094 2962 et
1109 2913 1164 2962 iarn
1179 2910 1226 2962 diu
1241 2925 1302 2963 esse
1317 2913 1448 2964 collatum
1462 2928 1489 2964 ν.
1508 2916 1551 2966 38.

225 3007 356 3059 Ceterum
371 3001 435 3056 vide
450 3005 485 3055 ad
499 3018 526 3053 v.
545 3005 588 3053 ll.
1334 3008 1340 3018 ·

271 3189 445 3258 Eiusmodi
465 3193 691 3255 monumenta
710 3185 822 3254 laudis
843 3190 875 3252 el
896 3184 1037 3252 honoris
1056 3190 1186 3252 veteres
1206 3184 1287 3251 viris
1306 3187 1436 3273 optime
1457 3187 1553 3252 meri·

226 3297 270 3364 tis
283 3297 416 3384 erigere
431 3294 601 3363 solebant.
618 3291 918 3359 Enumerehantur
931 3310 985 3355 res
1002 3288 1108 3356 abeis
1127 3293 1257 3372 gestae,
1275 3289 1554 3378 praecipiebatur

227 3406 264 3470 iu
284 3404 363 3484 fine,
384 3409 420 3470 ut
438 3402 616 3468 decretum
635 3397 773 3488 publice
787 3400 1046 3486 proponeretur.
1063 3399 1190 3461 Horum
1209 3394 1398 3484 specimina
1412 3403 1446 3462 et
1460 3397 1554 3486 apud

227 3515 371 3578 Graecos
394 3516 427 3577 et
445 3507 538 3599 apud
557 3504 743 3593 Aegyptios
767 3503 818 3592 (in
840 3501 984 3569 urbibus
998 3506 1146 3592 Canopo,
1173 3503 1318 3592 Rosette)
1335 3503 1556 3593 reperiuntur

229 3618 286 3705 (oi.
304 3617 405 3685 Niese
425 3639 460 3705 p.
483 3614 552 3700 50).
575 3618 612 3680 ln
633 3612 780 3677 formam
804 3630 945 3699 prorsus
961 3607 1108 3675 similem
1127 3607 1232 3674 etiem
1254 3608 1318 3674 boo
1339 3631 1402 3698 pro
1424 3610 1554 3677 tiochu-

228 3723 325 3791 boeis
339 3725 603 3789 monumentum
619 3717 751 3805 gloriae
771 3716 924 3798 effertur,
942 3737 1012 3803 quo
1027 3713 1158 3780 Simoni
1172 3714 1292 3802 utique
1309 3735 1381 3781 non
1400 3737 1489 3782 nova
1508 3717 1557 3784 di-

228 3831 344 3918 gnitas
357 3827 532 3906 tribuitur,
549 3825 609 3892 sed
628 3825 701 3891 eius
713 3823 836 3891 merita
850 3827 883 3888 et
898 3821 1081 3889 auotoritas
1100 3825 1330 3887 recensentur.

274 3941 373 4002 Anno
389 3941 452 4003 1¹12
471 3935 532 3999 sel.
551 3932 575 4000 i.
594 3954 624 3998 e.
648 3937 712 3998 tto
728 3935 805 3996 ante
821 3930 879 3995 Ch.
899 3928 1047 4018 populus
1061 3921 1217 3995 iudaicus
1237 3926 1281 3994 ob
1300 3933 1397 3994 tantu
1413 3929 1558 4000 Simonis

229 4043 374 4131 eiusque
391 4041 540 4107 fratrum
560 4044 593 4104 et
615 4036 722 4126 patris
737 4038 775 4103 in
796 4034 997 4122 religionem
1016 4056 1055 4101 uc
1075 4034 1224 4123 petriam
1244 4035 1366 4102 merita
1381 4039 1559 4126 egregium

229 4149 322 4238 groti
346 4147 452 4214 animi
474 4145 512 4211 in
530 4145 621 4234 ipsos
645 4165 834 4232 eorumque
853 4147 1007 4231 posteros
1026 4140 1312 4228 significationem
1335 4141 1431 4211 dedit
1451 4147 1561 4232 (Seru-

229 4254 328 4342 rc'us).
356 4259 392 4321 ln
415 4254 485 4319 solo
511 4257 602 4318 textu
627 4252 722 4337 vulg.
746 4249 833 4316 falso
857 4249 986 4335 legitur
1011 4248 1047 4314 in
1076 4254 1172 4315 mil
1195 4249 1344 4338 populus
1372 4254 1562 4336 Romanus;

231 4383 352 4428 verum
379 4381 449 4426 non
480 4357 522 4424 de
550 4378 693 4424 romano
721 4354 848 4446 populo
873 4354 924 4422 ibi
951 4355 1026 4422 fieri
1050 4375 1252 4437 sermonem,
1276 4355 1337 4424 sed
1360 4354 1403 4423 de
1427 4357 1563 4427 iudnioo

232 4473 328 4558 patet
349 4465 536 4556 (Securius,
562 4461 701 4551 Cultu).
722 4467 840 4550 ltaque
864 4463 943 4548 lege
964 4483 971 4530 :
994 4483 1071 4528 cum
1093 4460 1246 4528 audisset
1257 4461 1448 4552 populus&
1472 4473 1547 4550 lupe
1551 4499 1565 4549 ς

234 4595 404 4641 sermones
422 4572 516 4651 istos,
537 4593 577 4637 ea
597 4569 669 4636 soil.
690 4589 779 4658 quae
799 4591 831 4634 v.
853 4573 956 4635 15-nt
977 4573 1116 4634 narrate
1137 4573 1226 4650 sunl,
1249 4567 1377 4654 gaudio
1398 4571 1568 4642 exsultent

236 4687 271 4747 et
286 4703 372 4770 puoe
388 4679 523 4746 reddita
542 4675 610 4744 sibi
627 4675 665 4742 in
679 4673 883 4742 memoriam
902 4673 1080 4757 reducunt,
1100 4679 1182 4764 quot
1201 4679 1235 4742 et
1252 4677 1382 4763 quante
1402 4700 1421 4746 u
1438 4681 1568 4749 llucha·

176 4781 182 4796 '
237 4787 333 4855 breis
349 4809 412 4877 pro
428 4787 503 4873 lege
518 4790 552 4852 cl
571 4785 682 4875 patrio
698 4781 861 4872 praestita
879 4780 958 4848 sini.
978 4782 1015 4849 ld
1035 4781 1103 4849 iam
1120 4780 1210 4848 clero
1230 4782 1411 4853 exhibetur
1424 4785 1459 4853 in
1477 4794 1568 4856 textu
