3625 5367
278 241 336 301 tto
787 237 814 293 1.
838 251 928 295 uuest.
953 237 1092 306 sss-56.

283 395 467 453 Ptolemaidis,
488 393 532 443 56.
551 391 657 442 audiuit
679 391 815 454 Iosephus,
834 390 887 437 Za·
932 408 1004 445 ωπον
1035 382 1225 460 Πτολεμαίδος·
1253 386 1302 444 36.
1332 383 1443 455 ἤκουσεν
1467 381 1566 461 Ἰωσὴφ
1595 389 1610 442 θ

284 485 393 534 ctoriae
408 483 491 548 fliius,
508 489 532 532 et
549 481 665 530 taurios
683 481 809 544 princeps
827 478 886 528 uir·
932 479 979 533 τοῦ
1008 473 1143 554 Ζαχαρίου
1172 475 1217 532 καὶ
1241 471 1371 551 Ἀζαρίας,
1405 473 1530 552 ἄρχοντες
1563 477 1610 543 τῆς

288 574 353 623 tutis
378 586 420 622 res
445 572 508 621 bene
531 577 618 633 postas
642 575 667 618 et
690 568 796 634 proelia
820 580 887 629 quae
934 563 1085 641 δυνάμεως,
1111 567 1162 622 τῶν
1187 564 1369 642 ἀνδραγαθιῶν
1390 561 1437 620 καὶ
1460 565 1505 619 τοῦ
1530 562 1609 618 αολί.

286 661 361 726 sacta
382 666 455 720 suut,
473 661 515 710 57.
537 667 561 708 tt
583 660 652 707 dixit
677 672 685 707 ··
707 657 840 722 faciamus
863 664 887 705 ti
934 676 985 726 μου
1007 643 1051 711 υἷα
1075 652 1215 728 ἐποίησαν,
1231 653 1280 710 57.
1302 651 1347 708 καί
1370 639 1437 708 εἶπε·
1455 651 1610 726 ποίησωμεν

288 752 342 814 ipsi
357 751 435 799 uobis
449 762 544 799 uomett
559 755 583 797 et
597 761 687 797 eamus
701 759 824 811 puppam
838 745 887 795 ad·
933 742 979 800 καὶ
1011 741 1085 800 αὐτοὶ
1116 745 1217 807 ἑαυτοῖς
1253 739 1336 814 ὄνομα
1365 741 1411 798 καὶ
1441 741 1610 818 πορευθῶμεν

232 841 235 847 ’
286 853 377 889 uersus
403 846 493 902 pentes
516 851 583 901 quoe
607 838 638 885 irt
659 836 773 886 circuitu
796 842 888 884 nostro
934 833 1085 908 πολεμῆσαι
1110 829 1174 910 πρὸς
1198 829 1231 886 sd
1256 827 1315 900 ἔθνη
1338 827 1375 888 τδι
1405 827 1494 906 κύκλῳ
1519 831 1608 899 ἡμῶν.

285 935 357 977 sunt.
374 928 417 978 58.
438 929 471 976 Et
500 926 637 991 praecepit
666 925 707 973 itis
735 925 782 986 qui
810 929 888 973 tratti
934 922 985 981 58.
1003 919 1056 980 Καὶ
1070 919 1251 998 παρήγγειλαν
1266 925 1320 984 τοῖς
1339 915 1392 976 ἀπὸ
1411 922 1458 988 τῆς
1475 918 1611 994 δυνάμεως

286 1018 317 1065 in
341 1018 456 1065 exercitu
479 1029 527 1064 suo
548 1023 572 1064 et
597 1015 721 1064 obierunt
743 1013 887 1062 domitiam.
934 1014 980 1078 τῆς
1001 1008 1058 1084 μετ’
1083 1012 1180 1079 αὐτῶν,
1200 1007 1246 1065 καὶ
1267 1004 1446 1083 ἐπορεύθησαν
1468 1005 1512 1062 ἐπὶ
1533 1008 1610 1081 Ἰάμ-

286 1105 330 1156 59.
347 1105 380 1153 Et
395 1106 478 1153 esioit
497 1105 610 1166 Gorgias
624 1104 654 1152 de
670 1104 779 1152 cis-itote
793 1109 818 1150 et
832 1102 888 1150 oiri
934 1121 1016 1157 νοιαν.
1039 1101 1088 1159 59,
1114 1097 1169 1156 Καὶ
1189 1095 1279 1166 ἐξῆλθε
1303 1095 1415 1176 Γοργίας
1437 1098 1466 1153 iu
1489 1098 1535 1164 τῆς
1559 1093 1609 1153 πύ-

285 1195 341 1243 eius
364 1194 471 1243 obviam
494 1191 552 1242 iliis
581 1193 611 1240 in
635 1205 765 1256 puppam.
789 1189 832 1240 60.
856 1191 889 1238 Et
934 1188 999 1253 λεως
1018 1187 1064 1244 καὶ
1083 1189 1106 1244 οἱ
1125 1185 1310 1265 ἄνδριςοιύτοῦ
1329 1185 1364 1249 εἰς
1383 1183 1540 1254 συνάντησιν
1560 1187 1610 1241 αύ-

285 1283 374 1346 suqati
393 1287 456 1330 suat
477 1282 604 1345 Iosephus
625 1288 649 1329 ct
669 1281 785 1329 Azorios
806 1293 888 1342 usque
934 1276 986 1349 τοῖς
1005 1278 1041 1342 εἰς
1062 1275 1187 1353 πολεμον.
1209 1277 1260 1335 60.
1282 1273 1336 1333 Καὶ
1357 1270 1492 1350 ἐτροπώθη
1514 1270 1610 1343 Ἰώση-

285 1373 316 1420 iu
332 1371 397 1434 fiaes
411 1370 527 1420 tudaeae
542 1377 566 1418 et
578 1370 728 1419 cecideruut
741 1367 790 1416 iiio
803 1369 845 1417 die
857 1368 888 1416 de
935 1388 979 1444 ρος
1002 1364 1046 1424 χαλ
1074 1365 1194 1442 Ἀζαρίας
1217 1362 1263 1422 καὶ
1291 1360 1453 1440 ἐδιώχθησαν
1482 1361 1529 1426 ἕως
1556 1364 1608 1418 τῶν

284 1458 387 1528 populo
416 1457 501 1507 lsrael
529 1459 563 1507 ad
589 1458 641 1506 duo
663 1457 755 1507 miliia
777 1458 843 1516 uiri,
863 1463 888 1505 et
934 1453 1011 1535 ὁρίων
1030 1457 1076 1523 τῆς
1093 1453 1220 1519 Ἰουδαίας
1240 1449 1286 1508 καί
1308 1451 1401 1510 ἔτιοσον
1424 1451 1450 1506 ἐν
1469 1455 1502 1528 τῇ
1521 1450 1609 1529 ἡμέρα

284 1548 358 1611 [aeto
372 1554 409 1597 est
417 1546 485 1610 supa
495 1560 594 1610 mapua
607 1548 637 1595 iu
644 1545 755 1611 populo,
767 1545 811 1595 61.
823 1546 889 1608 quio
935 1542 1021 1618 ἐκείνη
1040 1543 1071 1601 ἐκ
1089 1546 1135 1599 τοῦ
1149 1542 1215 1598 λαοῦ
1231 1545 1276 1598 τοῦ
1291 1537 1404 1617 Ἰσραὴλ
1418 1541 1454 1605 είς
1467 1539 1610 1616 δισχιλίους

284 1651 340 1686 moa
368 1637 513 1686 audieruut
539 1637 634 1685 tudam
658 1643 682 1684 et
705 1635 805 1700 fratres
832 1636 889 1683 eius
935 1632 1041 1710 ἄνδρας,
1058 1635 1107 1690 ίὶί,
1125 1629 1169 1689 καὶ
1189 1629 1298 1706 ἐγενήθη
1313 1628 1398 1707 τροπὴ
1412 1629 1515 1705 μεγάλη
1531 1629 1609 1706 έντῷ

285 1727 468 1775 existimantes
492 1723 600 1788 sortiter
627 1739 654 1774 se
682 1723 816 1788 [acturos;
842 1721 886 1772 ct.
938 1723 997 1798 λαῷ
1021 1719 1141 1796 Ἰσραὴλ,
1168 1717 1209 1778 ὅτι
1235 1719 1283 1778 οὐκ
1304 1713 1422 1787 ἥκουσαν
1445 1715 1532 1777 Ἰούδα
1563 1716 1610 1772 καὶ

285 1816 339 1876 ipsi
355 1821 443 1863 autem
454 1828 510 1863 aaa
521 1819 599 1863 eraut
613 1815 644 1864 de
658 1815 757 1862 semiue
769 1815 889 1862 virorum
935 1815 988 1867 τῶν
1013 1809 1132 1888 ἀδελφῶν
1160 1811 1240 1866 αὐτοῦ
1263 1805 1376 1883 οἰόμενοι
1401 1806 1609 1884 ἀνδραγαθῆσαι·

284 1901 397 1950 iiiorum
418 1915 467 1964 per
496 1915 560 1963 quos
588 1900 662 1952 salus
690 1902 764 1967 sacta
792 1908 829 1949 est
859 1902 890 1948 ia
936 1901 984 1958 θῇ.
1006 1898 1080 1956 αὐτοὶ
1112 1897 1138 1954 δὲ
1170 1897 1217 1954 οὐκ
1248 1885 1316 1966 ἦσαν
1339 1898 1369 1954 ἐκ
1391 1899 1437 1953 τοῦ
1461 1894 1612 1974 σπέρματος

285 1989 381 2040 israel.
936 1991 988 2045 τῶν
1023 1988 1124 2064 ἀνδρῶν
1156 1985 1277 2052 ἐκείνων,
1309 1973 1347 2049 οἷς
1380 1983 1459 2056 ἐδόθη
1493 1981 1611 2061 σωτηρία

937 2074 1047 2153 Ἰσραὴλ
1062 2075 1105 2133 δεδι
1119 2077 1207 2154 χειρὸς
1221 2075 1317 2132 αὐτῶν.

324 2257 366 2306 63.
390 2257 423 2306 Et
451 2258 507 2305 oiri
535 2257 604 2305 iudo
631 2257 798 2320 mapuificati
829 2261 890 2304 suat
977 2254 1026 2312 63,
1053 2251 1105 2311 Καὶ
1132 2255 1145 2308 θ
1169 2249 1235 2328 ἀνὴρ
1261 2248 1361 2316 Ἰούδας
1385 2247 1429 2306 καὶ
1454 2252 1477 2306 οἱ
1503 2247 1611 2328 ἀδελφοὶ

288 2346 365 2395 vaide
381 2348 564 2409 incomperta
579 2344 665 2395 ommis
680 2344 765 2394 israel
781 2350 805 2393 et
824 2357 890 2407 σεο·
938 2341 1017 2399 αὐτοῦ
1041 2340 1219 2412 έδοξοίσθησαν
1244 2339 1343 2418 σφόδρα
1371 2337 1487 2395 ἐναντίον
1512 2337 1611 2403 παντὸς

289 2436 357 2484 tium
384 2435 512 2493 omnium,
534 2434 581 2482 ubi
608 2434 770 2483 audiebatur
796 2446 892 2482 uomeu
937 2429 1051 2508 Ἰσραὴλ
1072 2429 1118 2486 καὶ
1141 2433 1192 2487 τῶν
1214 2430 1294 2488 toria
1316 2427 1431 2498 πάντων,
1450 2416 1479 2484 ού
1499 2423 1612 2496 ἠκούετο

288 2537 379 2572 eorum
385 2536 393 2582 ;
408 2522 452 2573 ot.
465 2529 489 2571 et
502 2529 681 2572 convenerunt
695 2524 730 2572 ad
743 2536 785 2572 eos
800 2522 892 2585 fausta
937 2519 967 2576 τὸ
985 2517 1070 2596 ὄνομα
1089 2519 1187 2576 αὐτῶν·
1204 2519 1253 2577 (jd,
1273 2516 1319 2575 καὶ
1338 2514 1525 2592 §moueri-fosso
1547 2512 1613 2594 πρὸς

289 2612 476 2662 acclamantes.
492 2612 815 2662 65.Etccioit1udoset
831 2611 891 2675 fra·
939 2606 1031 2674 αὐτοὺς
1055 2608 1238 2687 εὐφημοῦντες.
1265 2608 1314 2667 65.
1339 2604 1395 2666 Καὶ
1422 2603 1525 2675 ἐξῆλθεν
1542 2601 1611 2664 Ἰού-

289 2709 341 2750 tres
361 2703 417 2750 etos
439 2701 664 2764 etexpuaoabaut
677 2700 749 2765 pisos
764 2701 836 2750 Esou
862 2701 893 2748 ro
938 2698 985 2763 δας
998 2695 1044 2756 καλ
1059 2699 1083 2756 οἱ
1103 2694 1211 2776 ιἰδιλροὶ
1229 2697 1311 2753 αὐτοῦ
1325 2693 1372 2753 καὶ
1391 2693 1535 2769 ἐπολέμουν
1555 2692 1613 2759 τοὺς

291 2797 364 2839 terra
384 2803 450 2852 quae
470 2791 505 2839 od
520 2794 641 2838 austrum
655 2796 708 2848 est;
724 2795 748 2836 et
761 2789 892 2852 percussit
939 2784 1007 2852 υἱούς
1029 2783 1116 2845 Ἡσαῦ
1141 2787 1167 2842 έν
1189 2788 1220 2864 τῇ
1240 2788 1274 2865 γῇ
1296 2783 1360 2862 πρὸς
1378 2782 1464 2856 νότον,
1480 2783 1528 2840 καὶ
1547 2781 1613 2840 ε’ποί-

293 2878 415 2928 θλσθσοα
434 2885 459 2928 et
477 2877 549 2942 filios
569 2878 625 2926 eius
645 2885 669 2925 et
687 2891 778 2927 muros
797 2879 853 2926 eius
869 2882 892 2925 et
939 2872 1001 2941 ααξι
1026 2875 1073 2946 τὴν
1099 2871 1210 2951 Χεύρὼν
1231 2874 1276 2932 καὶ
1300 2873 1347 2939 τὰς
1369 2871 1514 2950 θυγατέρας
1534 2871 1616 2940 αὐτῆς

293 2972 379 3016 turres
393 2966 527 3016 succendit
539 2966 600 3028 ipsi
616 2967 648 3016 irt
661 2966 785 3014 circuitu.
801 2964 846 3015 66.
860 2965 893 3014 Et
939 2961 985 3019 καὶ
1012 2964 1116 3020 καθεῖλε
1146 2960 1176 3020 τὸ
1208 2960 1337 3041 ὀχύρωμα
1364 2963 1447 3029 αὐτῆς
1476 2957 1523 3018 καὶ
1555 2956 1615 3024 τοὺς

291 3056 373 3104 movit
398 3062 487 3105 castra
515 3061 544 3103 ut
570 3056 622 3104 iret
648 3055 680 3103 ιἰι
702 3061 803 3104 terram
823 3051 893 3102 alie·
939 3048 1053 3130 πύργους
1076 3053 1157 3122 αὐτῆς
1180 3050 1308 3129 ἐνέπρησε
1328 3047 1463 3109 κυκλόθεν.
1485 3049 1536 3108 66.
1563 3045 1617 3106 Καὶ

291 3145 452 3208 uipettarum
480 3151 504 3193 et
530 3141 701 3208 perambulat
728 3144 892 3193 Samariam.
941 3141 1026 3217 ἀπῆρε
1042 3144 1089 3198 τοῦ
1103 3143 1261 3219 πορευθῆναι
1275 3141 1311 3206 εἷς
1326 3141 1375 3216 γῆν
1396 3136 1549 3217 θλλογύλονν
1568 3135 1616 3194 καὶ

292 3231 335 3284 67.
353 3238 386 3283 ta
400 3233 443 3282 die
458 3231 511 3281 iila
528 3233 678 3281 ceciderunt
698 3231 845 3281 sacerdotes
864 3233 895 3279 ia
941 3229 1106 3306 διεπορεύετο
1124 3227 1171 3298 τὴν
1193 3228 1348 3306 Μαρίοσαν.
1366 3229 1415 3285 67.
1433 3225 1482 3285 Ἐν
1500 3230 1533 3305 τῇ
1552 3224 1617 3299 ipi-

295 3321 373 3381 θθίίο,
390 3323 453 3370 ditm
473 3321 566 3370 cotum
588 3321 696 3384 sortiter
716 3311 813 3385 facire,
833 3322 895 3370 ditm
942 3340 974 3397 ρορ
999 3318 1085 3396 ἐκείνη
1109 3315 1206 3376 ἔπεσον
1228 3321 1304 3394 ἱερεῖς
1332 3319 1359 3374 ἐν
1383 3315 1494 3392 πολέμῳ
1519 3314 1615 3392 βουλό-

294 3411 351 3459 sine
364 3409 476 3458 consilio
491 3417 586 3458 escant
601 3410 632 3458 ia
645 3408 786 3472 proelium.
801 3409 845 3459 68.
863 3409 895 3456 Et
942 3428 1015 3480 μενοι
1030 3406 1110 3466 αὐτοῦ
1125 3407 1323 3484 ἀνδραγαθῆσαι
1342 3406 1368 3462 ἐν
1383 3407 1421 3482 τῷ
1437 3399 1529 3469 αὐτούς
1543 3400 1615 3470 ἐξιλ-

292 3497 440 3546 deciiaaoit
460 3499 542 3547 iudas
561 3498 592 3546 irt
610 3500 722 3547 Azotum
742 3499 773 3548 ia
796 3505 895 3547 terram
941 3500 994 3552 θεῖν
1017 3497 1052 3562 εἰς
1072 3493 1188 3572 πόλεμον
1213 3493 1388 3560 ἀίουλεύτως.
1413 3493 1461 3552 68.
1485 3490 1540 3551 Καὶ
1565 3487 1617 3558 ἐξέ-

295 3585 520 3650 cimmeriorum,
536 3592 559 3634 et
578 3587 665 3637 diruit
684 3599 747 3637 aras
766 3601 857 3636 eorum
871 3593 894 3636 ct
942 3587 1027 3642 κλινεν
1056 3583 1156 3650 Ἰούδας
1183 3580 1342 3651 είςἌζωτον
1370 3585 1419 3658 γῆν
1446 3578 1614 3660 ἀλλοφύλων,

292 3675 433 3739 sculptitia
442 3676 551 3726 deorum
560 3676 824 3741 ipsorumsucceadit
836 3675 895 3738 iperi
941 3671 987 3730 καί
1005 3673 1109 3732 καθεῖλε
1129 3671 1188 3744 αρθς
1209 3670 1312 3750 βωμοὺς
1327 3673 1423 3742 αὐτῶν,
1438 3669 1484 3727 καὶ
1502 3668 1535 3726 τὰ
1551 3670 1615 3744 γλυ-

294 3766 402 3828 strepit
420 3766 663 3829 spoiiacioitatum
680 3772 703 3813 et
725 3771 895 3814 resersusest
942 3759 996 3818 πτθ.
1021 3765 1073 3818 τῶν
1102 3766 1166 3819 θεῶν
1193 3763 1277 3819 αὐτῶν
1304 3759 1451 3818 κατέκαυσε
1480 3758 1542 3837 πυρὶ
1571 3755 1618 3814 καὶ

291 3854 322 3901 in
338 3862 437 3903 terram
451 3854 529 3903 tudo.
700 3861 708 3874 ·
942 3848 1083 3908 ἐσκύλευσε
1109 3849 1141 3908 sd
1171 3855 1254 3907 σκῦλα
1280 3851 1331 3906 τῶν
1355 3851 1467 3918 πόλεων,
1489 3846 1534 3904 καὶ
1556 3843 1618 3904 έπέ-

943 3942 1054 4017 στρεύεν
1075 3939 1111 4004 εἰς
1131 3937 1178 4008 τὴν
1202 3942 1251 4016 γῆν
1272 3936 1368 3998 Ἰούδα.

334 4221 575 4310 perferebatur
589 4221 624 4287 in
643 4220 804 4287 Iudaeam
818 4220 961 4288 celebris
978 4223 1071 4289 fama
1086 4244 1203 4290 eorum
1222 4245 1311 4312 quae
1325 4221 1503 4311 praeclaro
1524 4239 1620 4304 gere·

290 4330 374 4396 bani
397 4328 497 4395 ludas
518 4334 552 4394 et
575 4328 734 4394 lonathas
753 4327 790 4394 in
814 4329 943 4396 Galaad
969 4330 1014 4420 (v.
1033 4337 1074 4397 λθ
1099 4327 1187 4419 seq.)
1214 4336 1248 4395 et
1267 4329 1386 4395 Simon
1411 4327 1447 4393 in
1469 4323 1620 4392 Galilaea

292 4438 339 4526 (v.
361 4438 481 4523 21);v.
507 4442 549 4503 55
571 4440 692 4502 contra
712 4434 836 4502 faciem
855 4435 1091 4518 Ptolemaidis;
1119 4438 1162 4504 of.
1187 4459 1218 4504 v.
1242 4442 1300 4519 21;
1324 4459 1355 4500 v.
1379 4441 1420 4500 56
1439 4436 1620 4521 ἀνδραγαθία

288 4544 430 4632 ponitur
450 4543 541 4610 Esih.
566 4549 644 4623 102
667 4547 745 4608 Lxx
772 4564 832 4633 pro
854 4542 940 4608 hebr
962 4557 1066 4616 ottus,
1082 4564 1150 4631 qua
1168 4564 1250 4608 voce
1273 4545 1293 4607 S
1311 4541 1468 4606 hocloco
1484 4537 1591 4604 utitur
1609 4559 1616 4602 :

286 4649 416 4716 audivit
436 4651 598 4741 Iosephus
616 4648 855 4716 fortitudinem
876 4652 911 4715 ei
928 4647 1087 4716 victorias
1105 4657 1139 4716 ei
1158 4648 1250 4715 bella
1265 4647 1385 4730 ludae3
1402 4650 1550 4714 sautem
1567 4665 1621 4708 so-
