3625 5367
667 352 704 395 us
727 352 849 397 000000
867 350 1077 397 0000000100.
1519 340 1554 397 21

216 486 342 555 milites
359 492 393 553 et
407 492 449 553 50
470 484 639 552 vulnerati
654 490 750 567 sunt;
769 475 940 553 exercitus
960 507 1040 552 vero
1060 483 1207 552 hostium
1230 487 1330 574 plane
1346 485 1442 554 10000
1455 487 1555 574 fuga-

217 599 342 683 tusque
358 597 407 659 est
423 594 454 683 (a
470 593 555 659 with
569 592 628 658 the
640 590 712 659 loss
729 590 766 657 ol
777 598 819 657 22
834 591 979 658 soldiers
992 589 1101 657 killed
1116 590 1184 658 and
1199 597 1241 659 50
1256 592 1442 675 wounded,
1460 592 1552 661 clive

215 700 286 767 had
305 695 476 766 scattered
491 721 535 765 an
549 719 648 785 army
663 698 700 763 ol
710 697 830 785 nearly
846 705 963 765 00000
977 697 1023 786 00).
1397 707 1405 734 ¹

260 805 400 872 Adverti
424 827 561 895 quoque
581 809 728 894 oportet,
745 826 789 871 ne
809 803 885 892 quis
907 804 951 870 de
973 805 1125 871 numeris
1144 803 1305 871 inlibris
1325 806 1551 872 llacbabaeo-

215 934 293 980 rum
325 932 509 1003 perperam
529 910 661 979 iudicet
691 933 816 999 000000
840 932 861 976 0
887 909 1009 977 limine
1035 916 1174 999 respuat
1199 916 1377 1001 tamquam
1403 912 1551 978 nimium

215 1025 454 1105 exaggeratos,
481 1004 590 1103 reges
608 1016 727 1103 Syriae
752 1039 792 1082 ex
813 1016 918 1083 variis
946 1015 1110 1103 gentibus
1131 1016 1281 1083 militum
1313 1018 1431 1084 turbas
1451 1019 1550 1085 colle·

215 1124 317 1211 gisse.
336 1130 386 1192 110
403 1124 592 1191 Antiochus
607 1128 749 1209 Magnus
761 1121 914 1189 habebat
932 1122 969 1188 in
984 1122 1133 1190 exercitu
1154 1126 1339 1203 Cretenses,
1355 1128 1551 1210 Tectosages

216 1232 364 1313 GalataS,
380 1231 582 1321 peregrinos
597 1252 636 1295 ex
652 1228 790 1295 Graecia
802 1234 836 1294 et
848 1228 1082 1296 mercenarios
1096 1234 1238 1296 Graecos
1253 1229 1384 1319 (Polyb.
1407 1237 1546 1312 5,53,3).

216 1341 301 1405 Cum
320 1337 575 1428 expeditionem
592 1341 729 1423 pararet
744 1334 909 1401 adversus
927 1336 1173 1417 Ptolemaeum,
1189 1341 1287 1401 erant
1306 1337 1343 1402 in
1362 1336 1435 1403 eius
1450 1358 1548 1403 exer-

215 1443 287 1510 citu
310 1449 410 1526 0000,
433 1440 605 1522 Carmani,
632 1441 764 1521 Cilices
786 1440 965 1527 Agrianes
987 1446 1122 1522 Persae,
1142 1440 1240 1525 lledi,
1260 1441 1371 1525 Cissii,
1396 1442 1545 1524 Cadusii,

214 1550 344 1617 Arabes
359 1556 393 1616 01
413 1549 506 1615 01110
526 1546 683 1615 finitimis
697 1548 844 1638 populis,
866 1547 1068 1614 mercenarii
1091 1547 1220 1628 Graeci,
1242 1552 1429 1630 Cretenses,
1450 1548 1545 1636 Lydi,

216 1656 397 1737 Cardaces;
423 1672 558 1723 summa
589 1653 769 1743 copiarum
802 1658 876 1720 erat
904 1660 1022 1720 62000
1053 1652 1222 1742 peditum,
1252 1661 1348 1722 0000
1378 1654 1545 1743 equitum,

215 1761 395 1852 elephanti
416 1768 479 1828 102
496 1760 628 1851 (Polyb.
652 1766 767 1842 5,79,3
783 1760 884 1849 seq).
902 1763 939 1827 ln
961 1761 1034 1827 eius
1051 1759 1143 1826 bello
1161 1782 1240 1827 cum
1254 1758 1414 1829 Romanis
1428 1783 1548 1827 nume-

217 1870 384 1936 rabantur
404 1868 440 1934 in
461 1866 534 1934 eius
554 1866 704 1934 exercitu
725 1873 767 1932 10
778 1873 862 1945 000;
887 1874 985 1933 erant
1006 1867 1096 1932 inter
1117 1867 1189 1933 0100
1211 1866 1336 1933 milites
1357 1868 1544 1954 Tectosagi,

216 1975 360 2055 Trocmi,
391 1974 622 2060 Tolistobogi‚
648 1971 883 2063 Cappadoces
910 1973 1049 2062 aliaque
1077 1972 1364 2040 conductitiorum
1398 1972 1547 2040 militum

216 2080 402 2148 multitudo
419 2081 625 2170 promiscua.
648 2085 682 2145 et
703 2078 772 2146 alia
796 2100 926 2165 magna
941 2078 1128 2146 multitudo
1147 2080 1337 2167 Phrygum,
1354 2081 1544 2166 Lyciorum,

215 2186 516 2277 Pamphyliorum,
538 2186 748 2269 Pisidarum,
780 2185 1005 2266 Cretensium,
1033 2185 1299 2268 Trallianorum,
1330 2186 1489 2268 Cilicum,
1515 2191 1547 2252 et

216 2294 350 2383 equites
369 2293 540 2380 sagittarii
559 2298 661 2373 Deae,
684 2292 776 2379 llysi,
794 2291 959 2380 Elymaei,
976 2292 1105 2359 Arabos
1125 2292 1226 2381 (App.
1245 2297 1320 2381 Syr.
1346 2292 1415 2382 32).
1437 2296 1547 2381 Atque

214 2400 259 2467 de
280 2401 353 2467 eius
373 2421 510 2489 pugnae
534 2398 624 2465 exitu
646 2398 730 2465 haec
750 2399 856 2465 refert
874 2398 970 2465 idem
991 2398 1165 2488 Appianus
1182 2419 1190 2465 :
1208 2399 1336 2489 reperti
1359 2408 1436 2465 sunt
1454 2399 1547 2465 inter

215 2528 331 2573 caesos
351 2505 481 2596 equites
499 2510 541 2571 21
564 2511 676 2571 01300
700 2504 834 2594 pedites
854 2526 940 2594 quos
957 2505 1143 2572 Antiochus
1165 2512 1398 2594 oppresserat;
1421 2528 1461 2571 ex
1481 2510 1547 2571 Eu-

215 2614 326 2679 menis
348 2635 428 2678 vero
458 2612 631 2701 equitibus
659 2610 772 2676 solum
799 2616 857 2693 153
883 2610 1090 2677 Antiochum
1121 2611 1273 2676 amisisse
1301 2610 1469 2677 creditum
1496 2616 1547 2677 001

214 2741 294 2786 cum
310 2718 452 2809 captivis
467 2719 603 2784 circiter
618 2722 758 2798 50.000;
782 2738 886 2803 aegre
909 2717 1003 2783 enim
1022 2716 1102 2782 iniri
1117 2738 1279 2784 numerus
1296 2737 1473 2783 caesorum
1488 2739 1547 2805 po·

214 2830 304 2893 terat
320 2847 403 2915 prae
428 2824 647 2891 multitudine
674 2822 761 2912 (Syr.
784 2822 853 2911 36).
876 2823 1137 2890 Inunivcrsum
1160 2827 1275 2889 autem
1301 2828 1400 2889 erant
1424 2822 1461 2888 in
1489 2845 1546 2889 ro-

216 2953 318 2998 mana
342 2930 414 2997 acie
434 2930 478 2998 ad
502 2937 618 2997 30000
644 2930 818 3020 (1031).
840 2933 931 3016 Ergo
952 2929 1105 2996 cernitur
1126 2952 1245 3019 pugna
1264 2928 1358 2997 haud
1379 2928 1546 2995 absimilis

214 3038 284 3105 illis
303 3038 585 3105 llachabaeorum
607 3060 614 3104 ε
636 3042 798 3125 pugnant
823 3043 938 3103 30000
958 3042 1077 3103 000100
1102 3043 1237 3117 ’10000;
1257 3035 1358 3125 pauci
1380 3059 1419 3103 ex
1443 3036 1548 3103 victo-

215 3144 311 3212 ribus
332 3144 477 3227 cadunt3
495 3166 535 3210 ex
550 3143 707 3209 hostibus
722 3150 869 3231 pereunt
883 3150 1011 3209 50000.

261 3254 299 3317 111
313 3250 500 3317 Antiochus
519 3249 714 3339 Epiphanes
733 3250 770 3315 in
784 3248 876 3318 ludis
891 3270 978 3337 quos
993 3248 1036 3315 ad
1055 3248 1221 3338 Daphnen
1236 3249 1392 3316 exhibuit
1410 3248 1548 3315 initium

215 3356 427 3424 celebritatis
450 3357 531 3423 fecit
557 3378 578 3423 0
598 3378 729 3446 pompa
754 3384 770 3417 0
794 3356 830 3422 10
852 3376 923 3443 000
941 3353 1149 3421 incedebant
1173 3378 1213 3420 ex
1231 3354 1335 3421 variis
1356 3356 1519 3441 gentibus
1540 3378 1547 3421 :
1630 3354 1634 3363 '

215 3464 297 3550 llysi
322 3469 432 3544 5000,
455 3462 573 3531 Cilices
588 3468 698 3541 3000,
721 3462 863 3527 totidem
887 3461 1045 3541 Thraces,
1067 3461 1206 3527 Galatae
1230 3468 1338 3539 5000,
1360 3460 1553 3527 Macedones

215 3576 346 3649 20000,
362 3569 492 3659 0001100
513 3568 624 3635 1110001
643 3574 736 3633 1000
759 3566 890 3657 (Polyb.
911 3572 1027 3648 31,3,2
1050 3567 1152 3655 seq).
1180 3572 1219 3633 nt
1243 3567 1285 3634 de
1305 3566 1552 3653 belligerandi

215 3676 350 3743 ratione
374 3674 458 3743 utile
488 3696 627 3764 quoque
653 3681 704 3741 est
728 3673 765 3739 in
790 3680 942 3739 mentem
966 3694 1130 3739 revocare
1154 3673 1248 3761 quod
1272 3672 1366 3739 idem
1390 3673 1551 3761 Polybius

214 3782 335 3849 scribit
353 3804 360 3851 :
378 3782 583 3869 graecanica
598 3787 632 3847 01
649 3780 791 3847 asiatica
806 3778 906 3845 bella·
918 3800 1025 3845 unum
1041 3779 1251 3869 plerumque
1266 3779 1435 3868 proelium
1451 3778 1550 3845 110100

212 3888 311 3969 00101,
330 3910 409 3955 0000
423 3889 587 3970 alterum;
605 3894 639 3955 01
655 3887 731 3976 ipsa
745 3886 878 3976 proelia
892 3885 1007 3976 primo
1027 3885 1187 3952 conflictu
1207 3891 1240 3952 et
1254 3908 1420 3953 concursu
1439 3886 1553 3975 copia-

213 4016 291 4061 rum
310 4002 346 4061 01
364 3995 552 4085 plurimum
565 3994 732 4062 finiuntur
748 3992 907 4081 (35,1,2).

259 4106 417 4169 Ceterum
434 4102 462 4167 si
477 4101 532 4168 cui
547 4099 683 4166 numeri
698 4098 876 4185 negotium
890 4099 1071 4180 lacessant,
1092 4120 1172 4165 eum
1187 4096 1448 4167 amandandum
1468 4121 1550 4165 000-

214 4230 271 4275 000
296 4208 339 4274 ad
363 4229 523 4274 numeros
545 4206 583 4274 in
604 4205 702 4273 libris
727 4204 1022 4294 Paralipomenon,
1047 4212 1175 4291 rogans
1195 4211 1356 4295 utquam
1377 4206 1549 4294 interpre-

214 4314 312 4381 tandi
328 4335 486 4380 normam
502 4314 549 4380 ibi
565 4313 701 4402 probat,
716 4311 862 4379 eandem
874 4332 1011 4401 quoque
1029 4309 1125 4376 libris
1138 4311 1423 4378 Machabaeorum
1438 4311 1548 4399 appli-

215 4428 279 4487 cet.
298 4420 395 4487 Addo
411 4441 519 4487 unum
537 4420 730 4507 exemplum
751 4440 791 4483 ex
807 4416 972 4507 profanis.
988 4420 1033 4481 110
1051 4438 1197 4483 numero
1212 4417 1362 4484 militum
1376 4417 1414 4483 in
1427 4438 1547 4505 pugna

216 4528 366 4595 Caesaris
380 4533 414 4592 01
431 4525 584 4616 Pompeii
608 4525 692 4590 haec
708 4524 812 4591 tradit
831 4524 1008 4614 Appianus
1030 4522 1127 4611 (Bell.
1148 4524 1348 4610 010.2,’10);
1370 4552 1385 4581 «
1406 4523 1546 4589 luerunt

216 4638 331 4701 autem
351 4634 472 4723 copiae
495 4634 559 4723 (ut,
575 4629 710 4697 omissis
728 4630 805 4697 aliis
828 4652 952 4720 parum
968 4629 1061 4696 inter
1080 4652 1116 4695 se
1139 4628 1443 4707 consentientibus,
1464 4648 1545 4713 gra-

214 4740 372 4808 vissimos
384 4761 423 4806 ex
434 4740 593 4807 Romanis
605 4736 819 4829 potissimum
829 4736 1053 4826 scriptoribus
1061 4756 1197 4825 sequar,
1208 4733 1381 4825 quiitaliri
1396 4734 1546 4801 nominis
