3625 5367
169 311 171 314 ’
260 322 319 382 110
776 317 804 375 1.
828 333 921 376 utcu.
945 317 1081 388 511123.

267 485 367 550 [ratres
383 483 450 542 elus,
466 480 582 530 dieentes
598 493 606 528 :
621 485 873 542 conareqataerunt
918 466 1046 544 λέγοντες·
1067 465 1265 540 ἕπιουνηγμένα
1296 464 1366 525 ἐστὶν
1394 469 1434 547 ἐφ’
1462 471 1532 544 ἡμᾶς
1562 466 1596 526 τδι

272 575 413 622 aduersum
432 585 480 619 uos
499 576 589 633 uenter
606 582 655 633 per
678 569 828 630 circuitum,
844 578 873 620 ut
918 554 979 627 ἔθνη
993 553 1027 613 el
1042 553 1132 634 κύκλιρ
1146 557 1223 630 ἡμῶν
1234 559 1280 615 τοῦ
1292 553 1382 634 ἐξᾶραι
1394 560 1474 634 ἡμᾶς,
1491 558 1540 616 11.
1551 555 1596 624 καί

268 676 317 711 nor
330 660 472 725 auferantJ
487 658 527 708 11.
540 664 565 707 et
574 663 676 722 parant
691 658 783 708 venire
794 664 819 706 et
831 670 872 705 oo·
919 647 1105 720 ἑτοιμάζονται
1125 645 1208 703 ἐλθεῖν
1228 643 1273 702 καλ
1291 645 1544 724 προκαταλαθίσθαι
1567 645 1598 704 τὸ

266 763 366 815 ειιρααο
381 744 873 810 munitionemiuquonaonsuoimur
918 733 1049 814 ὀχύρωμα
1080 735 1115 799 είς
1138 733 1152 791 θ
1176 733 1359 814 κατεφύγομεν
1392 735 1437 792 καί
1469 733 1596 810 Τιμόθεος

270 847 293 887 et
321 838 475 887 Timotheus
494 843 531 886 ert
551 836 605 885 dua
624 836 753 884 exereitus
773 848 872 884 eorum.
918 828 1021 898 ἡγεῖται
1043 825 1090 892 τῆς
1115 823 1248 898 δυνάμεως
1271 823 1367 881 αὐτῶν.
1393 825 1440 882 12.
1465 825 1520 883 Nlo
1551 812 1601 880 ούν

272 928 313 977 12.
332 927 406 978 Nune
425 938 487 989 eroo
504 925 564 974 oeni
578 931 604 973 et
617 924 690 988 eripe
705 937 754 973 nos
768 924 799 972 de
813 938 872 972 rna·
918 908 1001 970 ἐλθὼν
1018 909 1105 978 ἐξελοῦ
1120 913 1192 986 ἡμᾶς
1206 913 1236 970 ἐκ
1249 909 1337 990 χειρὸς
1352 913 1447 986 αὐτῶν,
1463 910 1503 968 δτι
1517 911 1595 988 ,πέπ-

269 1016 349 1066 nibur
365 1021 465 1074 eorunt‚
482 1015 547 1075 quia
566 1013 660 1062 cecidit
678 1012 822 1062 multitudo
842 1012 872 1060 de
918 1023 1004 1058 τωκεν
1028 998 1053 1066 ἐξ
1078 1002 1154 1076 ἡμῶν
1181 1000 1289 1070 πλῆθος·
1309 1001 1357 1061 13.
1379 1001 1425 1058 καί
1448 1000 1546 1068 ποίνιες
1572 1003 1594 1060 αἱ

267 1105 359 1162 αοθίε;
383 1103 424 1152 13.
443 1108 468 1151 et
489 1116 577 1151 ornnes
597 1102 696 1166 fratres
718 1102 805 1151 nostri
825 1103 872 1164 qui
921 1088 1031 1168 ἀδελφοὶ
1049 1090 1126 1164 ἡμῶν
1145 1090 1169 1148 οἱ
1189 1087 1260 1155 ὄντες
1274 1089 1300 1146 ἐν
1315 1089 1368 1155 τοῖς
1381 1088 1497 1150 Τουύίου
1516 1093 1596 1148 τεθα-

266 1198 344 1243 erant
365 1193 397 1240 in
419 1191 482 1241 loris
504 1191 591 1240 Tabia
610 1190 745 1255 interfecti
766 1197 870 1238 suntet
918 1177 1051 1236 νοίτωνται
1064 1176 1110 1235 καὶ
1124 1176 1332 1256 ᾐχμαλωτίκασι
1347 1177 1393 1245 τδις
1407 1185 1531 1256 γυναῖκας
1546 1179 1595 1235 αὐ-

264 1282 386 1347 εαριίοοε
404 1282 536 1330 duxerunt
556 1293 650 1329 uuorer
670 1293 761 1328 eorum
780 1284 804 1327 et
823 1292 870 1326 na·
917 1268 969 1323 τῶν
988 1265 1034 1324 καί
1053 1265 1087 1324 τὰ
1106 1267 1183 1323 τέκνα
1204 1267 1293 1324 αὐτῶν
1312 1266 1358 1324 καὶ
1376 1265 1424 1339 τὴν
1445 1265 1594 1336 ἀποσκευὴν
1626 1325 1627 1328 ,

266 1377 304 1419 toa
329 1376 353 1419 et
377 1368 467 1433 spolia
489 1375 514 1417 et
537 1375 705 1433 peremerunt
729 1366 788 1416 illie
816 1366 870 1430 sere
916 1353 962 1412 καί
984 1353 1126 1412 ἀπώλεσαν
1150 1355 1204 1414 ἐκεῖ
1228 1357 1264 1422 ῶς
1285 1354 1348 1432 μίαν
1367 1353 1522 1436 χιλιαρχίαν
1545 1357 1593 1413 οἷν-

265 1457 339 1507 mille
354 1458 437 1507 viros.
916 1442 995 1520 δρῶν.

304 1546 347 1601 11,
368 1546 400 1595 lit
416 1545 503 1594 adhue
517 1543 647 1610 epistolae
663 1544 829 1607 leoebantur,
846 1550 870 1592 et
958 1535 1005 1591 11.
1025 1530 1089 1592 Ἔτι
1109 1535 1135 1589 αί
1156 1531 1294 1590 ἐπιστολαί
1318 1535 1534 1609 ἀνεγινιίισκοντο,
1550 1533 1595 1591 καὶ

265 1649 320 1686 erre
344 1633 395 1684 alii
418 1635 512 1684 nuntii
536 1639 666 1683 uenerunt
689 1633 720 1683 de
746 1632 871 1682 Galilaea
917 1619 972 1677 ἰδού
992 1619 1101 1698 ἄγγελοι
1115 1618 1198 1699 ἕτεροι
1213 1621 1388 1698 παρεγένοντο
1404 1623 1432 1678 ἐκ
1447 1625 1494 1692 τῆς
1509 1623 1595 1682 Γαλι-

267 1725 406 1774 eoureiesir
426 1724 525 1773 tunicis
546 1724 704 1772 nuntiantes
727 1722 870 1771 seeundum
916 1708 992 1775 λαίας
1015 1707 1181 1788 διερρηχύεες
1205 1709 1239 1768 τίι
1261 1709 1356 1786 ίμοίτια
1382 1709 1596 1790 ἀπαγγέλλοντες

263 1813 434 1872 verbenaca,
454 1813 494 1862 15.
512 1812 637 1870 dicenter,
652 1810 870 1860 conuenissead·
916 1799 985 1856 κατὰ
1008 1797 1042 1856 τὰ
1068 1801 1175 1878 ῥήματα
1201 1802 1295 1870 ταῦτα,
1320 1801 1367 1859 15.
1387 1793 1516 1874 λέγοντες·
1535 1801 1594 1858 ἐπι-

265 1913 408 1950 υαεεαηιεε
429 1915 446 1948 a
464 1900 632 1948 Ptolemaida
651 1907 675 1948 et
698 1905 767 1962 Tyro
786 1900 869 1947 etSi·
917 1889 1046 1967 συνῆχθαι
1076 1886 1117 1945 ἐπ’
1147 1885 1241 1954 αὐτοὺς
1272 1889 1301 1944 ἐκ
1332 1887 1516 1964 Πτολεμαίδος
1550 1887 1596 1945 καὶ

165 2021 174 2036 .
264 1990 346 2046 done;
376 1996 400 2036 et
428 1988 531 2051 repleta
560 1995 597 2036 est
629 1989 716 2036 omnis
747 1987 870 2036 Galilaea
915 1973 1004 2051 Τύρου
1033 1974 1079 2034 καὶ
1108 1977 1225 2038 Σιδῶνος
1253 1977 1298 2032 καὶ
1327 1987 1417 2034 πᾶσαν
1448 1976 1595 2038 Γαλιλαίαν

267 2077 439 2140 alienigenis,
460 2081 490 2124 ut
513 2089 561 2125 not
585 2083 751 2124 consumant.
776 2075 817 2124 16.
841 2077 870 2124 Ut
917 2063 1071 2138 ἀλλοφύλων
1091 2071 1137 2123 τοῦ
1157 2062 1321 2131 ἐξαναλῶσαι
1340 2067 1423 2136 ἡμᾶς.
1435 2067 1486 2126 16.
1501 2063 1552 2130 Ὧς
1568 2062 1595 2122 δὲ

169 2183 175 2194 ·
265 2166 370 2214 αιιάίνίι
400 2172 488 2214 autem
512 2164 593 2213 ludar
622 2170 646 2214 et
670 2162 787 2228 populus
813 2177 871 2212 ter·
916 2150 1026 2222 ἤκουσεν
1045 2151 1146 2218 Ἰούδας
1167 2151 1212 2210 nal
1230 2155 1244 2210 ὁ
1263 2151 1326 2219 λαδς
1344 2151 1405 2220 τοὺς
1422 2153 1513 2233 λόγους
1531 2151 1596 2212 τού-

265 2269 351 2303 moner
367 2255 442 2313 istos,
456 2253 580 2303 conuenit
595 2251 816 2316 eoeleeiomaona
831 2265 870 2300 ao·
915 2262 984 2311 τους,
1004 2241 1168 2320 ἐπισυνήχθη
1196 2241 1326 2314 ἐκκλησία
1351 2241 1455 2318 μεγάλη
1481 2242 1593 2320 βουλεύ-

264 2345 363 2405 nitore,
380 2343 446 2405 quid
465 2342 583 2406 facerent
605 2341 739 2406 fratribus
753 2341 809 2395 ruis
824 2343 871 2402 qui
917 2334 1013 2388 οασθαι
1031 2329 1057 2388 τί
1076 2328 1210 2400 ποιήσωσι
1229 2337 1283 2395 τοῖς
1301 2331 1421 2409 ἀδελφοῖς
1438 2331 1525 2386 αὐτῶν
1540 2336 1595 2396 τοῖς

266 2434 297 2480 ln
316 2432 492 2481 tribulatione
512 2438 590 2479 erant
605 2436 629 2478 et
644 2429 871 2495 eapuynabantur
916 2407 989 2478 οθσιν
1005 2419 1031 2476 ἐν
1047 2420 1134 2498 θλίψει
1152 2417 1197 2476 καί
1213 2417 1418 2496 πολεμουμένοις
1432 2417 1476 2475 ὑπ’
1493 2419 1591 2477 αὐτῶν.

268 2522 301 2570 ab
314 2522 362 2570 eis.
382 2520 422 2570 17.
435 2520 559 2582 Dixitque
572 2520 653 2568 ludar
667 2519 771 2568 Simoni
786 2518 871 2583 fratri
920 2508 968 2566 17.
984 2507 1039 2566 Καὶ
1064 2497 1136 2565 εἶπεν
1163 2507 1265 2574 Ἰούδας
1294 2505 1396 2580 Σίμωνι
1422 2509 1459 2586 τῷ
1489 2507 1594 2587 ἀδελφῷ

267 2623 316 2658 sno
331 2622 339 2659 .·
356 2609 424 2672 eliae
444 2609 496 2658 tibi
514 2609 586 2658 viror
608 2615 633 2656 et
653 2609 720 2658 uode
740 2600 765 2656 αἱ
785 2607 871 2656 libero
918 2595 1009 2654 αὐτοῦ’
1034 2595 1151 2664 ἐπίλεξον
1173 2599 1277 2675 σεαυτῷ
1302 2596 1397 2674 ἄνδρας
1417 2595 1463 2654 καὶ
1483 2596 1595 2672 πορεύου

265 2695 365 2762 fratres
385 2704 442 2747 tuor
461 2699 492 2746 in
512 2696 649 2757 Galilaea;
672 2710 718 2758 eqo
740 2703 828 2745 autent
847 2703 871 2744 et
917 2683 962 2742 καί
978 2689 1055 2764 ῥῦσαι
1072 2684 1131 2750 τοὺς
1148 2683 1275 2766 ἀδελφούς
1290 2707 1336 2743 σου
1351 2685 1411 2751 τοὺς
1425 2687 1451 2742 ἐν
1466 2689 1498 2762 τῇ
1515 2685 1595 2745 Γαλι·

220 2807 222 2814 ’
268 2787 442 2850 fraternum
462 2783 760 2844 Ionathas,ibintuein
775 2784 871 2834 Galaa-
917 2773 992 2852 λαίφ.
1023 2772 1075 2851 ἐγὼ
1097 2775 1124 2832 δὲ
1149 2774 1195 2831 καὶ
1222 2771 1346 2834 Ἰωνοίθαν
1371 2777 1385 2830 ὁ
1409 2773 1519 2851 ἀδελφός
1546 2795 1595 2849 μου

267 2876 355 2925 ditim.
380 2875 421 2924 18.
438 2875 471 2924 Et
490 2874 602 2937 reliquit
624 2874 764 2938 loreolam
784 2872 871 2938 filium
917 2862 1100 2938 πορευσόμεθα
1114 2864 1149 2928 εἰς
1162 2861 1209 2931 τὴν
1225 2862 1396 2924 Γαλααδίτιν.
1412 2863 1461 2922 18.
1478 2861 1533 2922 Καὶ
1548 2884 1596 2918 κα-

270 2965 417 3014 Zorlanae
432 2970 456 3012 et
468 2962 598 3011 Arariarn
612 2961 689 3010 duces
703 2960 799 3025 populi
814 2975 871 3010 eum
917 2947 1022 3008 τίλιπεν
1039 2949 1168 3030 Ἰώσηφον
1183 2951 1226 3009 τδν
1241 2955 1285 3009 τού
1302 2949 1440 3031 Ζαχαρίου
1456 2949 1502 3008 καί
1517 2949 1596 3018 Ἀζα-

267 3055 374 3102 reu'duo
400 3053 515 3102 exercitu
537 3051 568 3099 in
593 3050 693 3098 tutlaeo
722 3050 756 3098 ad
785 3057 871 3098 custo·
919 3038 976 3115 ρίαν
992 3037 1152 3114 ἡγουμένους
1166 3044 1211 3097 τοῦ
1225 3040 1291 3096 λαοῦ
1305 3037 1373 3114 μετὰ
1385 3041 1438 3097 τῶν
1450 3037 1596 3097 ἐπιλοίπων

271 3143 360 3200 dian5
388 3142 428 3191 19.
451 3146 476 3190 et
500 3140 637 3204 praecepit
665 3137 725 3188 illir
748 3139 837 3187 aliaeue
863 3152 870 3185 :
918 3125 1596 3208 τῆςδυνάμεωςέντῇἸουδαίριῖςτήρηαιν,19.καί

266 3236 415 3296 praeestote
429 3228 530 3294 populo
546 3229 608 3278 huie
627 3234 651 3277 et
670 3227 754 3277 nolite
774 3227 872 3276 bellurn
918 3215 1065 3273 ἐνετείλατο
1088 3217 1176 3282 αὐτοῖς
1197 3215 1291 3293 λέγων·
1311 3215 1444 3296 πρόστητε
1465 3221 1511 3275 τοῦ
1531 3217 1598 3274 λαοῦ

270 3321 430 3369 committere
450 3318 589 3367 adversum
608 3323 708 3380 qantos,
725 3318 805 3366 donee
829 3330 882 3366 τε·1
918 3303 1010 3364 τούτου
1034 3303 1080 3362 καὶ
1104 3303 1142 3380 μὴ
1168 3306 1302 3384 συνοίψητε
1331 3304 1447 3380 πόλεμον
1475 3304 1540 3384 πρὸς
1563 3303 1596 3362 τδι

267 3416 413 3458 vertamur.
437 3407 479 3456 20.
500 3407 533 3454 Et
555 3407 655 3470 partiti
681 3413 743 3454 sunt
770 3405 872 3456 Simoni
920 3392 979 3465 ἔθνη
1000 3393 1049 3460 ἕως
1066 3397 1113 3452 τοῦ
1133 3393 1287 3473 ἐπιστρέψαι
1301 3398 1382 3467 ἡμθίς.
1398 3395 1446 3453 20.
1463 3393 1517 3454 Καὶ
1532 3395 1596 3470 ἐμε-

269 3499 324 3546 uiri
347 3497 401 3544 tria
418 3495 517 3556 millia,
534 3501 563 3543 ut
586 3496 637 3543 iret
657 3495 687 3543 in
706 3494 872 3552 Galilaea-rm
921 3481 1048 3560 ρίοθησαν
1064 3483 1168 3558 Σίμωνι
1183 3481 1272 3561 ἄνδρες
1286 3481 1429 3561 τρισχίλιοι
1441 3485 1489 3541 τοῦ
1502 3505 1596 3562 πορευ-

270 3585 353 3634 tudae
367 3591 456 3633 autent
468 3592 523 3634 orto
542 3583 634 3632 millia
650 3586 681 3632 in
695 3582 869 3632 Galaaditirn.
919 3575 997 3640 θῆναι
1022 3573 1058 3637 εἷς
1084 3571 1132 3641 τὴν
1161 3571 1319 3647 Γαλιλαίαν,
1343 3569 1430 3653 Ἰούδφ
1453 3569 1482 3631 δὲ
1507 3572 1597 3651 ἄνδρες

271 3674 316 3725 tt.
338 3675 371 3723 Et
400 3673 469 3723 abiit
496 3675 589 3723 Simon
617 3674 649 3721 in
675 3671 825 3721 Galilaeam
848 3679 872 3719 et
919 3659 1109 3739 δκτακιςχίλιοι
1137 3662 1173 3724 εἷς
1199 3659 1247 3731 τὴν
1273 3661 1448 3720 Γαλααδίτιν.
1470 3663 1521 3722 21.
1544 3660 1598 3721 Καὶ

270 3765 400 3814 commisit
422 3763 529 3828 proelia
555 3761 640 3810 multa
665 3774 724 3809 cum
749 3761 872 3823 uentibus
919 3748 1046 3827 ἐπορεύθη
1060 3747 1153 3822 Σίμων
1167 3750 1203 3813 είς
1217 3745 1265 3819 τὴν
1280 3748 1426 3808 Γαλιλαίαν
1438 3749 1485 3808 καί
1498 3751 1597 3830 συνῆψε

265 3861 291 3903 et
306 3854 436 3902 contritae
456 3858 518 3900 sunt
538 3857 626 3912 oeulos
646 3864 663 3897 a
682 3849 751 3913 [acie
773 3852 829 3897 eius
849 3856 872 3896 et
919 3835 1050 3912 πολέμους
1064 3834 1178 3902 πολλοὺς
1191 3836 1256 3916 πρὸς
1269 3839 1302 3895 τθι
1318 3839 1378 3908 ἔθνη
1394 3836 1439 3895 καί
1455 3837 1596 3916 σννετρίύη

263 3948 417 4004 persecutus
448 3946 485 3988 est
516 3953 558 3987 eos
588 3951 668 4000 usque
699 3938 734 3984 ael
766 3944 873 4000 portatu
919 3923 953 3984 τδι
968 3923 1030 3996 ἔθνη
1046 3921 1248 4003 ἀπθπροςῶπου
1266 3926 1477 4002 nonulla&
1494 3925 1596 3995 ἐδίωξεν

271 4029 313 4078 22.
330 4028 519 4084 Ptolemaidis,·
539 4033 563 4074 et
582 4027 733 4074 ceciderunt
755 4026 785 4074 tle
806 4039 873 4088 yon·
920 4011 1015 4079 αὐτοὺς
1025 4013 1073 4079 ἕως
1087 4017 1134 4084 τῆς
1145 4013 1229 4086 πύλης
1240 4015 1431 4090 Πτολεμαίδος·
1445 4016 1490 4075 καί
1504 4018 1596 4074 ἔπεσον

269 4116 341 4165 tibus
364 4115 418 4178 sere
442 4116 498 4163 tria
520 4113 610 4162 millia
634 4111 763 4173 uirorum,
782 4119 805 4161 et
828 4128 874 4162 oe·
922 4104 952 4160 ἐκ
966 4103 1017 4159 τῶν
1034 4105 1112 4160 ἐθνῶν
1128 4103 1164 4169 εἷς
1178 4103 1338 4183 τρισχιλίους
1353 4104 1448 4182 ἄνδρας
1460 4105 1506 4162 καὶ
1519 4103 1599 4164 ἔλαύε

268 4205 337 4270 cepit
352 4202 442 4268 spolia
454 4217 559 4259 eortnnJ
574 4202 615 4251 23.
633 4209 657 4250 et
671 4203 817 4265 aestimarit
831 4217 873 4250 eos
919 4190 953 4248 τδι
979 4191 1063 4249 σκῦλα
1084 4193 1180 4249 αὐτῶν·
1193 4193 1242 4252 913.
1262 4193 1307 4250 καὶ
1330 4191 1468 4271 παρίλαθε
1486 4193 1545 4260 τούς
1570 4195 1598 4252 ἐκ

267 4294 314 4358 qul
343 4301 420 4343 erant
450 4294 480 4340 in
510 4289 643 4345 Galilaea,
662 4297 686 4338 et
708 4291 739 4338 in
764 4291 873 4339 Aebutio
920 4283 966 4350 τῆς
998 4279 1143 4346 Γαλιλαίας
1168 4280 1214 4339 καλ
1237 4279 1445 4361 ἐν”Αρύάττοις
1470 4281 1518 4340 σύν
1541 4291 1599 4349 ταῖς

266 4398 325 4433 oum
339 4383 468 4444 uxoribus
486 4387 509 4429 et
526 4380 601 4429 natio
620 4385 644 4428 et
664 4379 786 4428 omnibus
806 4394 874 4441 quae
920 4365 1022 4446 γυναιξί
1045 4367 1091 4426 καί
1113 4372 1166 4435 τοῖς
1189 4369 1298 4443 τέκνοις,
1320 4371 1365 4428 καί
1386 4371 1474 4430 πάντα
1496 4369 1545 4429 ὅσα
1568 4363 1599 4443 ἦν

268 4480 345 4523 erant
366 4472 424 4521 illis
443 4478 466 4521 ot
488 4470 600 4519 adorauit
621 4470 652 4518 in
671 4469 798 4517 iudaeam
816 4482 872 4517 eum
923 4456 1022 4528 αὐτοῖς,
1047 4455 1092 4515 καί
1119 4457 1218 4536 ἤγαγεν
1242 4461 1277 4524 είς
1299 4459 1348 4528 τὴν
1376 4458 1508 4522 Ἰουδαίαν
1538 4463 1597 4538 μετ’

269 4562 375 4613 laetitia
391 4576 498 4624 maana.
921 4546 1079 4626 εὐφροσύνης
1094 4549 1219 4626 μεγάλης.
1348 4544 1351 4549 ’

304 4740 336 4788 In
354 4753 381 4787 v.
399 4740 428 4788 15
443 4753 526 4788 πασαν
541 4733 673 4787 Γαλιλαίαν
689 4738 712 4787 Α
728 4736 771 4787 23.
790 4735 833 4786 tt.
847 4737 889 4786 55.
907 4735 954 4797 5›ss;
970 4739 1008 4786 ila
1023 4750 1134 4802 quoque
1149 4750 1176 4797 s;
1194 4733 1340 4803 αλλορυλων
1351 4741 1490 4802 pertinere
1503 4741 1538 4792 ad
1554 4739 1600 4790 l'a·
