3625 5367
1411 357 1468 413 2.
1518 369 1698 414 MAcn.
1748 356 2031 424 (Lm-30.
2940 356 3057 412 321:

394 526 630 607 carpes
659 503 910 592 quibus
944 503 1126 570 vesci
1154 502 1286 592 ipsi
1326 503 1577 570 licebat
1612 526 1784 595 quas
1818 505 1964 592 ipse
1993 510 2468 592 praeparasset
2504 512 2568 572 ct
2604 512 2668 572 ut
2704 504 3061 572 simularat

396 611 592 699 quasi
629 611 1102 677 manducasset
1134 632 1371 677 carnes
1406 633 1445 676 a
1476 632 1640 698 rege
1675 612 2149 699 praescriptaS,
2182 611 2580 700 desumptas
2620 636 2696 676 ei:
2736 612 3061 676 carnibus

396 716 716 783 sacrificii
748 740 809 783 v,
858 723 972 793 21;
1024 716 1190 804 vulg
1230 715 1397 783 dicit
1441 716 1662 783 solum
1701 736 1716 782 :
1763 717 1890 806 qui
1927 716 2273 795 astabant,
2307 723 2347 783 S
2394 738 2409 785 ε
2456 720 2574 804 qui
2620 719 2816 804 [insiti
2872 724 3065 784 aiunt

395 846 434 889 a
486 844 646 908 rege
707 845 915 911 super
976 823 1454 911 inquisitiones
1521 827 1588 889 et
1635 829 1982 890 tormenta
2031 822 2405 913 nequitiae.
2476 824 2644 888 lllusl
2716 832 2944 888 auten]
3004 824 3065 888 ri

395 928 798 1008 suadebant,
835 936 908 995 ut
953 952 987 995 a
1027 936 1243 996 morte
1283 930 1698 996 liberaretur
1726 937 1797 997 et
1836 952 1965 1019 pro
2014 952 2138 996 sua
2171 929 2452 1019 antiqua
2492 932 2560 996 in
2612 952 2724 996 ens
2764 931 3065 996 amicitia

397 1035 738 1125 particeps
789 1035 978 1101 fieret
1030 1036 1574 1119 benevolentiae,
1623 1042 1696 1102 ut
1754 1038 1901 1103 scil.
1953 1037 2312 1103 sortiretur
2360 1036 2820 1104 conditionem
2872 1036 3065 1100 beni*

394 1162 630 1228 gnam,
667 1141 991 1208 immunis
1021 1149 1195 1208 esset
1220 1165 1259 1209 a
1289 1142 1595 1209 cruciatu
1636 1167 1701 1208 v.
1738 1150 1850 1210 22.
1896 1148 1978 1210 At
2013 1143 2132 1209 ille
2172 1143 2383 1209 animi
2424 1144 2720 1208 indolem
2756 1144 3061 1208 nubilum

393 1248 759 1337 assumpsit
802 1254 868 1314 et
907 1249 1193 1335 dignam
1232 1251 1599 1335 senectutis
1644 1249 2023 1316 eminentia
2070 1255 2135 1316 et
2175 1249 2508 1338 acquisita
2544 1252 2724 1336 [cum
2772 1251 3061 1312 bonurn

396 1360 461 1419 et
503 1354 754 1422 illustri
805 1355 1050 1429 canitie
1092 1363 1159 1422 et
1215 1356 1727 1423 conversatione
1784 1380 1824 1423 a
1871 1362 2086 1445 puero
2135 1356 2608 1443 integerrima,
2664 1356 3057 1444 pransurum

398 1483 556 1526 vero
597 1461 978 1550 obsequens
1021 1461 1434 1550 legislationi
1471 1469 1744 1530 sanctae
1783 1469 1851 1530 et
1898 1486 1937 1529 a
1982 1468 2117 1530 Deo
2162 1462 2472 1529 conditae
2528 1464 2708 1528 clare
2760 1468 3061 1528 mentem

400 1588 592 1633 suam
633 1571 924 1656 aperuit,
970 1572 1330 1655 ἀπεᾷήνατο,
1375 1571 1507 1637 cito
1551 1570 2002 1659 respondenS,
2039 1579 2237 1657 λέγων
2276 1580 2648 1658 πρε-πέμπω
2688 1572 2732 1636 i.
2768 1592 2824 1632 e.
2864 1588 3061 1632 nian-

368 1673 570 1761 ⁴dans
602 1680 674 1738 ut
703 1696 774 1740 se
811 1674 1164 1742 dimittant
1201 1677 1273 1742 in
1305 1697 1579 1754 orcum;
1618 1682 1660 1742 S
1700 1681 1766 1743 et
1795 1675 1961 1742 dixit
1990 1675 2127 1742 cito
2158 1681 2226 1741 et
2263 1676 2500 1744 festina
2516 1684 2664 1740 nter
2696 1696 2708 1740 τ
2748 1672 3061 1740 deducite

400 1801 530 1859 me,
579 1780 825 1847 mittite
858 1804 964 1847 me
1001 1781 1069 1847 in
1112 1804 1371 1849 orcum.

486 1890 618 1952 Cur
672 1887 843 1952 nolit
889 1888 1328 1955 simulatione
1378 1889 1590 1954 vitam
1648 1911 1948 1967 servare,
2001 1888 2318 1978 pluribus
2365 1888 2652 1976 explicat
2708 1912 2764 1952 r.
2820 1892 3057 1964 ‘st-:iffi

395 1992 600 2080 plane
640 1992 1008 2078 indignum
1055 2001 1154 2060 est
1194 2016 1352 2061 sene
1389 1994 1489 2061 ita
1525 1994 1889 2071 simulare:
1938 1995 2140 2062 huius
2177 1995 2632 2061 simulationis
2672 1996 3061 2080 exemplum

396 2097 569 2163 inid
610 2099 942 2178 tenderet,
986 2105 1059 2165 ut
1096 2100 1294 2166 multi
1333 2101 1611 2167 iuvenes
1651 2101 1775 2167 tali
1823 2101 2259 2168 simulatione
2300 2107 2367 2166 et
2396 2102 2484 2167 oli
2536 2104 2744 2164 vitani
2784 2100 3061 2164 lii-erem

399 2211 464 2270 et
526 2203 844 2290 exiguam
914 2206 1407 2273 seducerentur
1471 2213 1756 2296 propter
1819 2230 1963 2287 me;
2032 2223 2213 2292 μῦσος
2268 2207 2508 2284 scelus²
2576 2208 3057 2292 ignfflniuifflu.

398 2318 618 2394 κηλῖδα
672 2313 1013 2378 maculam
1077 2313 1248 2379 mihi
1309 2313 1666 2401 acquiram
1724 2314 2093 2380 senectutis
2144 2335 2359 2380 annos
2419 2320 2620 2378 natus
2688 2312 3065 2396 nonaginta

396 2419 734 2483 transiens
790 2418 878 2484 ad
933 2419 1110 2486 vitae
1165 2440 1415 2505 genus,
1462 2419 1742 2497 cultum,
1799 2441 2022 2485 mores
2078 2418 2648 2506 alienigenarum
2712 2424 3061 2484 Praeterea

402 2545 465 2588 v.
506 2523 588 2589 26
630 2523 717 2589 ad
771 2529 978 2594 neum
1021 2525 1320 2592 iudicem
1370 2532 1437 2591 et
1481 2531 1831 2614 potentem
1884 2524 2109 2592 oculos
2158 2530 2592 2612 mentemque
2644 2528 2904 2608 dirigit,
2944 2524 3065 2612 qui

399 2628 470 2694 in
504 2629 640 2695 vita
673 2637 919 2719 etpost
959 2640 1249 2698 mortem
1283 2653 1539 2722 poenas
1575 2631 1888 2718 infligere
1930 2637 2180 2720 potest.
2228 2637 2468 2698 Senem
2508 2632 2576 2696 in
2612 2636 2844 2696 limine
2880 2640 3061 2696 stam

403 2741 541 2802 tem
599 2742 838 2825 portae
891 2739 1332 2820 aeternitatis,
1376 2760 1609 2805 senem
1658 2738 2077 2828 experientia
2120 2739 2326 2824 longa
2369 2738 2640 2804 doctum
2696 2748 2756 2804 nt
2800 2740 2868 2804 in
2916 2740 3065 2820 lege

405 2845 518 2908 Dei
565 2866 686 2931 per
729 2850 828 2909 tot
857 2867 1072 2911 annos
1110 2844 1404 2911 fideliter
1445 2851 1788 2911 versatum
1822 2844 2108 2911 minime
2150 2845 2345 2911 decet
2382 2845 2456 2911 in
2504 2852 2796 2912 extrema
2836 2868 3065 2908 sunne-

403 2953 544 3016 tute
584 2949 912 3032 deficere3
961 2952 1141 3019 unde
1182 2952 1448 3018 fortiter
1500 2951 1863 3018 moriendo
1903 2957 1971 3017 et
2014 2951 2267 3038 dignus
2309 2960 2660 3020 sene-utum
2704 2952 3065 3040 apsmreliit

404 3060 472 3120 et
510 3055 886 3123 iunioribus
927 3060 1308 3148 exemplum
1342 3058 1682 3148 relinquet
1710 3059 2150 3148 praeclarum
2189 3081 2254 3124 ν.
2298 3065 2407 3126 27.
2437 3068 2548 3124 ΞΗ.
2592 3060 2768 3124 “falia
2812 3060 3069 3128 laenius

403 3162 633 3228 statim
672 3164 815 3252 ipse
868 3187 1100 3232 versus
1153 3172 1557 3255 tympanum
1608 3165 1936 3253 processit
1986 3172 2173 3247 ἧλοε;
2227 3165 2676 3232 fortissimum
2728 3164 2868 3228 soil.
2924 3168 3065 3228 ani-

405 3290 588 3334 mum
617 3292 781 3354 prae
810 3293 880 3336 se
913 3273 1171 3352 l'erens3
1205 3272 1461 3360 quippe
1498 3272 1615 3360 qui
1647 3292 1789 3335 non
1822 3276 2263 3359 exspectaret,
2308 3271 2520 3336 doner
2560 3294 2592 3336 a
2636 3272 3069 3336 carnificibus

404 3381 782 3463 raperetur,
829 3398 1069 3443 verum
1122 3379 1239 3465 qui
1302 3399 1368 3442 se
1414 3376 1634 3466 ipsum
1688 3382 2092 3464 promptum
2153 3376 2448 3441 ostendit
2504 3388 2568 3440 rt
2620 3384 2932 3464 paralum
2980 3376 3065 3440 ad

399 3481 815 3570 supplicium
878 3482 1308 3550 subeundum
1372 3484 1572 3572 eique
1640 3481 1915 3548 obviam
1981 3482 2128 3548 ivit.
2193 3487 2321 3547 llos
2380 3482 2524 3549 cius
2588 3508 2932 3548 seruntmes
2992 3508 3065 3548 rx·

401 3591 723 3671 amentia,
769 3590 1038 3656 insania
1076 3590 1414 3679 profectos
1467 3612 1606 3655 esse
1655 3588 2138 3655 existimabant
2178 3599 2242 3682 εἰ,
2272 3596 2516 3674 ἄγεν-,ες
2560 3592 2896 3656 ‹luctui-rs.
2948 3588 3063 3676 qui

402 3694 543 3763 scil.
583 3697 711 3761 hoc
746 3719 991 3763 munus
1031 3696 1418 3778 habebant3
1453 3718 1614 3763 nam
1647 3697 1787 3784 ipse
1821 3696 2096 3762 Eleazar
2124 3699 2363 3783 sponte
2388 3696 2696 3761 accessit:
2736 3704 2796 3760 nt
2828 3704 3053 3784 spreta

404 3822 643 3867 eorum
688 3802 1162 3871 admonitione
1215 3825 1374 3869 cum
1413 3825 1615 3868 senex
1659 3801 1925 3868 nullam
1965 3823 2126 3868 suae
2174 3803 2350 3868 vitae
2401 3804 2732 3868 rationem
2780 3804 3061 3868 haberat

404 3913 469 3972 et
516 3907 711 3996 quasi
767 3909 1051 3976 demens
1106 3933 1267 3976 suae
1318 3913 1529 3998 quarn
1583 3908 1688 3974 illi
1738 3907 2073 3997 putabant
2117 3908 2580 3999 superstitioni
2632 3908 3061 3988 adl-aurerel,

404 4011 887 4081 benevolentia
928 4015 1052 4082 illa
1092 4015 1326 4105 paullo
1366 4022 1569 4082 antea
1610 4014 1920 4080 exhibita
1960 4015 2209 4081 transit
2255 4015 2324 4080 in
2377 4016 2960 4092 malevolentiam,
3000 4016 3069 4080 in

403 4120 582 4185 iram
630 4126 694 4187 et
754 4121 1302 4209 indignationem
1344 4122 1431 4189 de
1489 4127 1679 4188 tanta
1735 4119 2225 4188 obstinatione.
2278 4122 2382 4188 llli
2438 4128 2620 4188 enim
2668 4124 3065 4212 neutiquam

401 4226 805 4313 intelligere·
841 4229 1161 4296 valebant
1214 4252 1337 4295 cur
1388 4228 1543 4317 quis
1601 4227 1839 4293 mallet
1904 4227 2146 4294 misere
2199 4232 2500 4317 torqueri
2576 4252 2780 4316 qnam
2844 4232 3066 4292 rai-nis

403 4334 694 4401 frustum
733 4334 1100 4422 deglutire.
1138 4342 1281 4424 lpse
1323 4358 1484 4401 vero
1547 4356 1699 4400 cum
1748 4334 1887 4399 iam
1925 4333 2068 4400 fere
2104 4336 2176 4400 in
2211 4358 2288 4399 eo
2324 4344 2468 4401 erat
2500 4344 2568 4400 ut
2616 4336 2840 4420 plus-tis
2888 4336 3065 4420 fusa-i-

404 4447 732 4524 meretur,
780 4443 1233 4528 ingemiscens
1269 4464 1283 4509 :
1320 4442 1626 4520 Domino,
1669 4439 1917 4529 inquit,
1955 4439 2392 4506 manifestum
2433 4448 2552 4520 cst,
2600 4444 2712 4528 qui
2756 4448 3057 4504 sauciam

404 4547 613 4613 habet
656 4548 1005 4615 scientiam
1038 4547 1084 4613 i.
1135 4571 1193 4614 e.
1245 4548 1438 4614 nullo
1489 4568 1740 4625 errore,
1798 4546 1990 4612 nulla
2027 4547 2438 4612 obscuritate
2476 4556 2900 4616 tonici-atam,
2960 4568 3065 4608 ms}

404 4675 692 4742 corpore
733 4655 941 4721 duros
974 4657 1308 4722 sustinere
1340 4653 1636 4735 doloreS,
1683 4658 1754 4718 at
1791 4653 1866 4718 in
1896 4654 2128 4718 animo
2160 4675 2275 4719 eos
2320 4653 2620 4720 libenter
2656 4652 2792 4744 [mli
2843 4656 2928 4720 Ξιὲε
2972 4664 3045 4720 -,“;Ί

408 4764 579 4828 αὐτοῦ·
630 4770 823 4848 atim,
875 4763 1119 4828 timore
1156 4761 1273 4827 Dei
1312 4758 1691 4849 impellitur
1729 4758 1818 4825 ad
1859 4758 2155 4826 fideliter
2192 4758 2330 4846 legi
2373 4760 2644 4826 dii-inae
2688 4760 3066 4824 adhaereti-

3049 4688 3061 4716 δ
