3625 5367
729 351 757 408 l.
780 367 872 410 naeu.
898 351 1017 423 lae-o.
1320 399 1322 402 .
1482 353 1540 410 237

207 526 353 594 habetur
377 552 394 587 »
413 527 506 614 (lust.
525 524 549 590 l.
568 523 627 610 e).
649 530 719 593 Rex
742 525 914 593 Medorum
937 549 976 594 ac
997 531 1175 592 Persarum
1198 529 1337 593 Arsaces
1358 565 1402 576 -
1417 549 1541 594 nomen

205 633 345 721 regibus
368 632 574 700 Parthorum
594 653 788 712 commune,
809 637 889 700 lust.
912 639 991 714 tt,5
1012 671 1056 682 -
1077 631 1133 698 hic
1161 637 1300 700 Arsaces
1323 637 1374 715 vl,
1401 635 1541 700 nomine

203 741 346 831 proprio
368 737 576 807 Mithridates
590 742 603 804 l
619 738 668 805 ita
682 738 823 805 tandem
840 739 970 805 bellum
996 739 1070 826 geri
1094 738 1206 820 iussit,
1225 745 1263 806 ut
1285 741 1473 807 Demetrius
1488 762 1542 808 ea·

205 853 345 937 peretur
365 845 462 912 vivus
476 865 509 911 v.
532 851 563 910 ἓ.
583 849 692 921 Quare
714 846 856 913 omnino
876 844 1057 938 probabile
1078 851 1128 912 est
1149 845 1242 935 quod
1263 847 1409 912 lustinus
1423 847 1539 928 habet,

204 975 284 1021 eum
308 952 404 1043 pacis
428 950 648 1018 simulatione
675 952 856 1041 deceptum
879 952 1030 1041 potuisse
1056 952 1144 1041 capi.
1171 958 1207 1018 ln
1234 952 1328 1039 vulg.
1347 952 1487 1020 additur
1505 953 1543 1019 in

205 1083 237 1126 v.
255 1066 276 1124 2
291 1071 325 1124 et
342 1057 531 1124 addaceret
551 1079 629 1124 eom
646 1056 752 1124 adse.
775 1063 903 1145 Regem
924 1063 1022 1125 vocat
1045 1059 1222 1148 Appianas
1244 1059 1464 1142 Phraathem‚
1483 1059 1543 1150 qui

204 1187 359 1232 sororem
396 1185 493 1232 suam
524 1164 772 1250 Rhodogunam
808 1164 1029 1232 matrimonio
1062 1187 1139 1232 cum
1172 1167 1341 1232 Demetrio
1369 1165 1544 1233 coniunxit

206 1271 243 1359 (l.
261 1273 319 1360 e).
343 1271 453 1338 Etiam
476 1294 516 1337 ex
539 1271 736 1338 narratione
758 1271 878 1338 tustini
899 1255 1008 1360 (38‚9')
1035 1271 1226 1339 Demetrius
1248 1277 1389 1360 repente
1411 1270 1543 1338 insidiis

204 1378 470 1459 circumventus,
486 1377 610 1443 amisso
625 1379 787 1454 exercitu,
806 1384 926 1466 eaptus
946 1383 1013 1457 est;
1032 1379 1076 1444 ef.
1092 1402 1123 1444 v.
1147 1385 1179 1444 3.

249 1483 420 1552 Demetrio
439 1505 521 1570 rege
541 1489 641 1572 capto
664 1489 698 1549 et
714 1485 750 1549 in
768 1484 973 1572 Hyrcaniam
997 1485 1100 1550 misso
1125 1483 1219 1571 (lust.
1246 1484 1339 1572 38,9)
1357 1506 1435 1573 pax,
1449 1490 1541 1551 tran-

206 1589 370 1680 quillitas,
383 1590 594 1680 prosperitas
609 1589 729 1655 eratin
744 1596 835 1656 terra
846 1589 947 1671 luda3
962 1589 1060 1656 siluit
1070 1601 1201 1680 ἡσύχασε
1213 1589 1344 1679 quievit
1359 1591 1415 1678 (cf.
1434 1593 1540 1678 7,50).

207 1697 354 1764 Simonis
367 1696 436 1763 iam
454 1696 574 1764 laudes
594 1695 833 1778 celebrantur;
853 1697 928 1785 ipse
949 1696 1076 1764 bonam
1098 1695 1218 1785 populi
1244 1696 1474 1763 conditionem
1494 1717 1544 1762 se-

207 1801 291 1868 dula
311 1823 393 1869 cura
412 1800 585 1890 promovit
606 1823 638 1868 v.
658 1805 694 1879 t3
713 1800 846 1889 populo
863 1806 978 1868 autem
1000 1801 1073 1869 eius
1095 1801 1284 1868 dominatio
1300 1807 1399 1887 grata
1415 1809 1489 1868 erat
1510 1811 1544 1867 et

207 1907 337 1997 placuit
352 1947 397 1957 —
412 1907 591 1996 praeclara
604 1907 677 1974 laus
697 1905 879 1996 principis!
897 1947 941 1956 -
961 1909 1089 1997 pariter
1107 1908 1200 1975 fama
1220 1917 1253 1974 et
1270 1907 1383 1995 gloria
1398 1907 1545 1974 Simonis

206 2021 239 2081 ct
258 2015 370 2081 honor
387 2035 491 2103 quem
512 2012 578 2079 sibi
599 2013 806 2102 acquisierat
828 2012 927 2102 (δὲξα)
944 2014 1076 2080 animos
1096 2013 1251 2081 omnium
1271 2014 1401 2101 gaudio
1420 2014 1542 2080 affecit.

207 2125 246 2186 Et
259 2120 349 2187 inter
363 2119 430 2186 alia
453 2140 557 2209 quam
578 2118 726 2185 maxime
744 2118 789 2185 ad
810 2119 884 2186 eius
903 2119 1049 2207 gloriam
1074 2121 1222 2210 pertinet
1247 2119 1339 2209 quod
1362 2125 1487 2210 loppen
1505 2142 1544 2186 eo

207 2225 348 2293 consilio
364 2227 467 2315 cepit
485 2230 523 2292 ut
539 2233 678 2312 portum
694 2224 854 2304 haberet3
870 2248 912 2293 eo
926 2232 1027 2316 portu
1041 2227 1178 2316 aperuit
1191 2226 1316 2293 insulis
1332 2226 1436 2292 maris
1452 2245 1544 2292 com·

207 2333 372 2400 mercium
397 2332 596 2410 eum‘fuda,
622 2338 754 2412 ἐποίησεν
779 2338 888 2410 stactes
914 2347 979 2412 ταῖς
999 2343 1098 2416 νήσοις
1123 2333 1201 2398 feeit
1215 2331 1395 2398 introitum
1422 2331 1545 2398 insulis

207 2437 323 2520 maris,
341 2437 464 2504 ineolis
478 2437 670 2505 insularum
690 2437 822 2525 (insulis
836 2440 939 2505 etiam
955 2437 1107 2520 shabct;
1123 2469 1206 2507 ναυσι
1221 2443 1395 2518 reatae,
1410 2439 1457 2524 S).

252 2546 305 2612 Uti
328 2543 582 2633 supralaudes
606 2543 711 2610 iudae
739 2543 892 2610 carmine
922 2543 1117 2611 celebratae
1143 2552 1224 2611 sunt
1252 2548 1390 2629 (ee-9),
1413 2544 1460 2609 ita
1489 2543 1545 2609 hic

207 2673 343 2741 quoque
359 2649 511 2718 carmine
527 2649 679 2740 quodam
701 2649 854 2717 distichis
875 2672 914 2716 ac
934 2649 1098 2716 tristichis
1121 2655 1299 2716 constante
1322 2672 1377 2715 res
1399 2647 1545 2716 Simonis

207 2758 383 2847 praeclare
402 2762 521 2843 gestae
536 2762 765 2845 exponuntur.
789 2756 937 2823 Omnino
958 2755 1140 2846 probabile
1161 2762 1212 2822 est
1231 2755 1331 2823 nobis
1350 2755 1406 2822 hic
1425 2755 1469 2821 ab
1485 2777 1545 2822 au-

208 2873 301 2931 ctore
322 2872 495 2930 servatum
517 2885 590 2929 esse
615 2863 790 2929 canticum
815 2863 991 2952 quoddam
1019 2863 1198 2952 populare,
1221 2885 1290 2952 quo
1314 2862 1476 2951 aequales
1496 2863 1545 2929 Si·

210 2970 319 3037 monis
340 2969 525 3059 praeconia
545 2968 619 3036 eius
640 2969 898 3036 annuntiabant
921 2974 955 3036 et
976 2968 1145 3037 beneficia
1160 2993 1224 3059 per
1245 2991 1325 3036 eum
1348 2968 1415 3035 sibi
1439 2967 1543 3034 obve-

209 3076 339 3147 nientia
357 3075 590 3143 recensebant.
616 3075 810 3142 Efferuntur
830 3075 978 3142 disticha
997 3081 1127 3164 septem
1142 3085 1175 3143 et
1196 3081 1361 3165 quattuor¹
1377 3075 1543 3142 tristicha.

211 3183 405 3251 laudantur
430 3182 585 3249 facinora
611 3182 685 3249 eius
712 3181 854 3261 bellica,
875 3181 1043 3248 beneficia
1070 3182 1188 3272 populi
1213 3182 1349 3265 collata,
1372 3182 1443 3248 eius
1473 3189 1545 3248 stu-

210 3287 305 3356 dium
332 3288 485 3375 legisse
510 3287 656 3377 pictatis,
682 3287 779 3354 Fines
805 3287 963 3353 dilatavit
995 3288 1048 3372 (cf.
1077 3287 1205 3374 tata),
1230 3287 1379 3352 obtinuit
1402 3293 1545 3371 ἐκράτησε

210 3396 399 3482 regionem,
423 3394 604 3482 occupavit
627 3415 666 3459 ac
690 3393 796 3459 tuitus
817 3397 867 3459 est
892 3392 1141 3459 munitionibus
1157 3391 1335 3458 exstructis
1358 3397 1470 3473 13,10.
1489 3397 1542 3457 33.

211 3509 266 3568 51.
284 3507 344 3582 53;
363 3499 591 3587 congregavit
610 3499 736 3565 multos
758 3498 903 3565 ludaeos
925 3498 984 3587 qui
1004 3498 1130 3588 captivi
1147 3504 1256 3580 erant,
1278 3519 1334 3563 eos
1353 3499 1389 3563 in
1408 3497 1547 3564 liberta-

210 3614 281 3675 tem
308 3606 498 3673 vindicavit
523 3629 556 3671 v.
579 3613 616 3687 73
643 3605 684 3670 de
709 3608 838 3671 Gazara
864 3604 943 3672 vide
970 3603 1546 3688 13‚a3-ts;Betl1sura11,65;de

211 3736 289 3781 arce
311 3720 412 3795 t3‚t9
434 3734 505 3801 seq.
528 3711 687 3779 Studium
710 3710 799 3798 legis
824 3711 975 3777 ostendit
995 3711 1186 3778 auferendo
1205 3709 1459 3790 immunditias;
1478 3731 1547 3774 raon

211 3831 285 3887 erat
304 3820 366 3910 qai
387 3819 557 3886 resisteret
577 3819 611 3884 ei
628 3819 698 3885 scil.
722 3815 909 3884 adversarii
931 3839 1001 3883 non
1020 3817 1288 3907 praevaluerunt
1309 3821 1430 3882 contra
1453 3837 1543 3882 eum.

213 3929 306 4002 llisee
317 3926 499 3994 coniuncta
511 3932 585 3993 erat
600 3925 670 3992 vita
682 3925 809 3992 civium
825 3923 1013 4012 tranquilla
1026 3930 1060 3991 et
1070 3923 1229 3990 fertilitas
1245 3927 1370 4003 terrae,
1383 3942 1545 4009 agrorum

212 4031 285 4100 scil.
311 4038 345 4098 et
368 4031 552 4112 arboreum
575 4032 619 4098 cf.
642 4035 719 4098 hev.
743 4035 835 4111 Qut.
854 4034 920 4096 Pax
940 4035 975 4097 et
993 4030 1139 4097 felicitas
1159 4028 1364 4096 describitur
1380 4052 1411 4095 v.
1429 4036 1449 4095 9
1469 4049 1546 4094 cum

213 4136 383 4204 allusione
397 4137 443 4205 ad
459 4137 557 4205 Zach.
580 4143 649 4219 8,t.
668 4145 704 4216 53
727 4158 826 4203 senes
851 4135 1099 4226 colloquuntur
1119 4137 1209 4204 inter
1228 4159 1262 4204 se
1284 4143 1352 4224 περὶ
1367 4140 1485 4223 ἀγαθῶν
1506 4133 1548 4200 de

214 4247 441 4334 prosperitate
458 4243 618 4334 publica;
637 4245 776 4311 iuvenes
791 4265 827 4310 se
844 4242 996 4310 induunt
1008 4250 1131 4312 ornatu
1147 4243 1285 4312 bellico.
1309 4241 1549 4332 Tranquillitas

214 4358 248 4417 et
262 4350 394 4418 laetitia
411 4350 601 4418 eommunis
617 4350 817 4440 depingitur
833 4349 936 4417 modo
957 4351 1152 4418 senioribus
1168 4357 1203 4417 et
1215 4348 1399 4417 iuvenibus
1416 4367 1548 4414 accom-

216 4456 354 4524 modato
377 4456 457 4524 :illi
469 4457 505 4524 ih
521 4457 594 4524 foro
614 4457 770 4524 sedentes
790 4456 831 4523 de
847 4456 951 4523 rebus
974 4457 1149 4546 prosperis
1171 4455 1389 4524 familiariter
1407 4454 1498 4520 inter
1514 4475 1549 4520 se

215 4561 388 4652 colloquia
409 4564 562 4644 miscent,
592 4562 628 4628 hi
651 4561 845 4629 induebant
867 4561 1031 4649 gloriam,
1056 4564 1159 4630 stolas
1183 4561 1264 4628 belli
1292 4559 1366 4628 scil.
1393 4561 1498 4628 armis
1517 4565 1550 4626 et

216 4669 428 4737 ornamentis
442 4669 584 4759 bellicis
611 4666 847 4759 procedebant
872 4690 962 4757 quae
990 4667 1059 4735 illis
1084 4675 1164 4738 sunt
1189 4668 1226 4735 in
1253 4667 1415 4756 gloriam.
1438 4671 1488 4734 lta
1515 4687 1549 4732 se

216 4775 472 4866 praeparabant
485 4776 528 4844 ad
543 4775 776 4845 defensionem
792 4773 879 4863 legis
894 4797 1099 4866 morumque
1113 4781 1348 4866 paternorum,
1365 4775 1393 4841 si
1409 4772 1549 4865 quaudo
