3625 5367
1439 401 1497 457 9..
1544 415 1724 459 men.
1778 398 2061 472 igi-⁶24.
2964 404 3076 460 ΕΗΒ

407 548 707 613 secundo
737 550 920 634 regis
950 548 1158 617 rediit
1183 548 1268 615 ad
1292 570 1551 635 regem.
1580 553 1722 615 Duo
1748 568 1946 632 reges
1970 545 2251 612 nomine
2271 549 2666 613 Artaxerxes
2691 571 2856 635 regn
2868 552 3076 616 abant

405 657 594 719 tanto
656 655 984 743 temporis
1048 655 1269 745 spatio
1324 676 1338 722 ε
1393 659 1797 721 Artaxerxes
1844 651 2374 738 1Longi1nanus
2428 653 2780 742 (affl-ml..)
2840 664 2904 720 et
2952 660 3072 720 ..tr-

405 765 710 825 taxerxes
737 765 786 826 11
820 765 1134 828 Mnemon
1162 760 1542 851 (405-358).
1576 759 2054 827 communiter
2080 758 2449 825 assumitur
2476 764 2872 828 Artaxerxes
2904 768 2928 828 l
2960 764 3068 844 [jc-f.

409 865 706 951 Fischer,
747 865 922 935 Bibl.
960 866 1241 934 Studien
1273 872 1438 949 v111,
1475 875 1513 933 3
1545 891 1614 957 p.
1656 872 1766 934 83.
1813 871 1923 932 89.
1962 872 2041 932 91
2071 869 2138 931 et
2163 864 2440 932 Nih-all.
2477 889 2532 932 c.
2570 871 2621 930 V
2648 890 2717 956 p.
2751 874 2880 934 31fi
2912 892 3008 956 sq.
3032 880 3068 940 }.

406 972 762 1038 Nehemias
790 972 980 1040 misit
1017 980 1322 1062 posteros
1359 973 1641 1039 illorum
1681 971 2278 1061 sacerdotumqui
2312 972 2543 1058 ignem
2579 972 3072 1040 absconderant

405 1076 496 1143 ad
519 1077 1010 1166 requirendum
1041 1080 1308 1167 ignem3
1336 1081 1472 1147 tale
1498 1079 1668 1170 quid
1692 1080 1951 1150 factum
1983 1100 2123 1145 esse
2145 1079 2215 1144 in
2237 1078 2466 1166 primo
2497 1081 2799 1145 exsulum
2824 1080 3068 1156 radim,

405 1204 561 1249 cum
584 1185 806 1251 cultus
831 1185 1224 1253 sacrificalis
1245 1187 1472 1253 denuo
1502 1187 2006 1276 instauraretur
2036 1190 2102 1252 et
2128 1184 2287 1250 ideo
2316 1185 2496 1270 ignis
2522 1206 2713 1251 sacer
2735 1188 2852 1274 qui
2880 1195 3076 1252 antea

407 1288 699 1356 ardebat
724 1291 1155 1359 reducendus
1192 1314 1333 1359 esse
1363 1291 1715 1359 videretur
1752 1290 1844 1358 ad
1881 1291 2122 1371 altare,
2164 1295 2344 1357 'certe
2375 1290 2593 1358 multo
2624 1291 2880 1358 maiore
2916 1316 3072 1380 prn—

407 1395 767 1464 babilitate
797 1399 1419 1479 commendaretur,
1457 1420 1666 1488 quam
1697 1396 2064 1464 Nehemiae
2102 1402 2411 1486 tempore
2447 1398 2637 1464 cultu
2668 1398 3072 1464 iamdudum

406 1503 742 1569 restituto.
774 1508 1058 1572 Inventa
1078 1512 1178 1572 est
1199 1528 1381 1594 aqua
1409 1527 1654 1587 crassa,
1690 1505 1923 1593 liquor
1943 1503 2225 1592 quidam
2254 1503 2527 1593 spissus,
2562 1504 2864 1588 limosus,
2904 1508 3080 1572 sirm

403 1621 863 1675 narraverunt
901 1610 1120 1691 nobis,
1151 1612 1374 1690 nobis,
1409 1612 1677 1679 Iudaeis
1705 1611 1778 1677 in
1818 1611 2193 1677 lerusalem
2227 1609 2351 1699 (K.)
2372 1662 2388 1690 ,
2432 1610 2555 1676 sed
2585 1611 2836 1678 melius
2868 1612 3080 1700 expli-

405 1719 601 1782 catur
642 1713 838 1781 nobis
883 1739 1038 1783 cum
1079 1718 1194 1784 Gr.
1246 1717 1450 1783 Herlc.
1476 1770 1493 1797 ,
1547 1740 1628 1783 eo
1671 1717 1863 1806 quod
1895 1716 2015 1804 qui
2064 1716 2418 1805 epistolam
2462 1717 2852 1807 scripserint
2900 1720 3076 1784 lianc

405 1843 647 1887 vocem
697 1844 775 1887 ex
823 1822 1212 1911 antiquiore
1260 1822 1658 1891 narratione
1701 1818 2062 1910 tamquam
2107 1845 2188 1890 ex
2225 1824 2416 1890 fonte
2446 1824 2653 1890 huius
2692 1824 3080 1892 traditionis

405 1926 835 1994 retinuerint.
874 1931 1188 1996 Ceterum
1219 1930 1412 2015 nobis
1443 1930 1630 1996 deest
1658 1930 1732 1995 in
1764 1934 1806 1996 S
1840 1936 1907 1995 et
1938 1935 2165 2010 64,93.

496 2039 572 2099 ln
617 2056 683 2099 v.
735 2039 812 2100 21
867 2034 939 2099 in
989 2034 1162 2121 vulg
1202 2057 1570 2124 perperam
1619 2035 2010 2125 appellatur
2055 2034 2414 2102 Nehemias
2463 2037 2808 2120 sacerdOS,
2872 2040 3076 2104 utiam

408 2139 601 2228 liqna
666 2162 841 2226 quae
898 2152 1094 2208 erant
1149 2141 1583 2231 superposita
1639 2162 2008 2231 perperam
2066 2141 2339 2209 dicitur.
2394 2141 2644 2210 Planus
2698 2150 2798 2211 est
2860 2152 3076 2208 textus

405 2267 694 2332 graecus
733 2265 748 2312 t
792 2268 949 2312 cum
985 2247 1189 2313 allata
1226 2253 1449 2314 essent
1480 2270 1657 2337 quae
1699 2247 1785 2314 ad
1828 2247 2165 2314 sacrificia
2204 2250 2680 2338 requiruntur,
2720 2252 3080 2316 Nehemias

405 2352 759 2418 mandavit
795 2353 1288 2434 sacerdotibuS,
1334 2359 1407 2419 ut
1442 2372 1625 2442 aqua
1664 2353 2256 2443 superfunderent
2289 2359 2357 2420 et
2390 2353 2579 2440 ligna
2622 2360 2689 2420 et
2725 2354 3076 2444 imposita,

402 2457 545 2524 scil.
598 2479 838 2524 carnes
889 2458 1300 2527 sacrificales
1355 2459 1570 2546 lignis
1623 2459 2004 2548 impositas
2061 2463 2201 2524 Mox
2252 2459 2390 2525 sole
2440 2459 2768 2526 nebulam
2820 2464 3076 2552 disper-

404 2569 607 2650 gente
652 2586 732 2631 ac
780 2565 1086 2651 fulgente
1131 2586 1453 2632 accensus
1506 2569 1604 2631 est
1648 2564 1831 2651 ignis
1883 2586 2180 2651 magnus
2223 2586 2378 2632 cum
2418 2566 2734 2633 omnium
2775 2568 3076 2632 admira-

406 2671 588 2736 tione
632 2692 697 2738 ν.
743 2677 861 2752 22;
902 2679 1060 2758 πυρά
1101 2676 1320 2738 strues
1357 2672 1710 2758 lignorum
1752 2671 2038 2753 ardenS,
2095 2692 2330 2757 rogus·
2374 2675 2543 2736 Dum
2589 2693 2824 2738 carnes
2864 2676 3076 2740 sant-i-

404 2776 636 2844 ficales
671 2777 835 2863 igne
878 2777 1431 2860 absumerentur,
1472 2777 1767 2844 orabant
1806 2782 1875 2845 et
1913 2776 2297 2845 sacerdotes
2326 2783 2394 2843 et
2434 2799 2670 2846 omnes
2701 2779 3076 2868 incipienti·

405 2884 690 2950 Ionatha
760 2888 827 2951 et
877 2880 1166 2973 reliquis
1230 2885 1817 2978 succlamantibus
1883 2884 1973 2950 ad
2049 2883 2441 2974 exemplum
2520 2886 2884 2953 Nehemias
2956 2888 3072 2972 (ita

402 2993 706 3078 graece).
760 2990 1088 3057 Similiter
1148 2991 1379 3058 Iudith
1453 2996 1654 3076 15,st
1714 2998 1809 3060 καὶ
1880 2996 2137 3079 ἐξῆρχεν
2208 2991 2423 3060 Ἰουδὶθ
2479 3001 2583 3077 τὴν
2642 2998 3072 3080 &cuchis-1352*

406 3106 621 3179 ταύτην
671 3103 766 3165 καὶ
842 3100 1128 3186 ὑπεφώνει
1173 3107 1290 3178 πᾶς
1343 3110 1369 3167 ὁ
1427 3106 1579 3178 λαὸς
1640 3107 1748 3180 τὴν
1811 3104 2027 3167 αἷνεσιν
2086 3108 2330 3180 ταύτην.
2384 3103 2426 3165 S
2479 3100 2574 3166 ita
2619 3101 2828 3167 habel.
2868 3124 2928 3168 v.
2996 3108 3076 3168 23

404 3203 792 3270 sacerdotes
834 3207 1063 3270 autem
1109 3207 1178 3270 in
1228 3205 1538 3271 oratione
1582 3204 1884 3287 stabant,
1942 3204 2163 3270 donec
2214 3213 2803 3272 consummaretur
2848 3208 3076 3272 minis-

407 3309 658 3376 terium
721 3309 938 3395 ignis;
1014 3310 1397 3377 sacerdotes
1453 3314 1685 3376 autem
1753 3315 1822 3376 et
1888 3310 2226 3375 Ionathan
2287 3318 2354 3375 et
2411 3310 2665 3397 reliqui
2731 3332 2884 3377 cum
2960 3312 3078 3376 ale-

407 3416 841 3497 scenderent‚
899 3415 1259 3497 dicebant,
1329 3415 1513 3505 quod
1573 3437 1697 3504 per
1751 3416 2133 3481 orationem
2174 3415 2541 3481 Nehemiae
2597 3437 2920 3484 accensus
2980 3428 3076 3484 est

412 3522 678 3610 (tignis);
737 3522 958 3589 oratio
1021 3526 1248 3589 autem
1306 3523 1455 3587 eius
1511 3525 1657 3588 erat
1713 3521 1911 3588 haec.
1980 3525 2246 3587 Nomen
2308 3522 2649 3588 Ionathan
2705 3532 2848 3590 erat
2916 3524 3080 3588 satis.

402 3629 726 3716 frequens
779 3628 996 3717 (Esdr.
1051 3635 1198 3709 8,6;
1256 3633 1481 3708 10‚15.
1542 3627 1710 3694 Neh.
1777 3632 2002 3708 12‚1!».
2069 3628 2206 3713 18).
2262 3629 2590 3695 Mentione
2638 3629 2928 3716 dignum
2980 3640 3072 3696 cst

404 3733 595 3823 quod
627 3734 738 3802 hic
764 3742 1113 3817 narratur,
1143 3756 1382 3826 preces
1414 3756 1559 3801 esse
1591 3735 1770 3826 fusas
1803 3756 1943 3803 uno
1971 3739 2354 3823 praeeunte
2382 3736 2627 3800 ceteris
2650 3735 3072 3824 subsequen-

403 3841 614 3922 tibus,
650 3840 813 3908 dum
844 3840 1256 3908 sacrificium
1287 3841 1450 3927 igne
1480 3839 1987 3907 absumeretur.

497 3949 926 4015 Invocatione
959 3947 1276 4037 pluribus
1325 3946 1544 4013 titulis
1590 3945 1969 4035 praemissa
2017 3952 2191 4014 Deus
2226 3946 2668 4036 imploratur,
2711 3954 2786 4014 ut
2812 3972 2920 4016 sat:
2936 3952 3076 4016 rifi-

406 4052 592 4120 cium
622 4054 926 4141 benigne
956 4053 1304 4144 suscipiat,
1341 4052 1680 4143 populum
1711 4075 1909 4119 suum
1943 4054 2178 4120 favore
2215 4061 2698 4146 prosequatur,
2736 4055 3076 4148 dispersus

408 4167 476 4225 et
510 4160 690 4226 male
729 4183 1090 4251 oppressos
1128 4164 1509 4247 congreget
1541 4182 1620 4226 ac
1658 4159 1928 4239 liberet,
1981 4182 2418 4249 oppressores
2459 4162 2820 4251 reprimat,
2860 4188 3076 4252 [iupu-

406 4266 553 4332 lum
601 4288 801 4334 suum
854 4266 927 4333 in
970 4268 1125 4333 loco
1173 4273 1409 4334 sancto
1455 4267 1820 4333 constituat
1854 4266 1943 4351 (v,
2001 4266 2257 4354 24-29).
2311 4271 2521 4355 Κύριε,
2563 4273 2749 4356 Κύριε
2780 4275 2864 4335 cf.
2920 4276 3072 4334 Lxx

406 4377 509 4438 Ps.
556 4379 737 4453 71‚5.
788 4380 893 4453 16,
942 4372 1139 4439 hebr.
1180 4388 1319 4438 rum
1355 4389 1528 4444 'nm
1563 4371 1968 4461 repetitione
2009 4372 2403 4440 declaratur
2443 4374 2876 4440 vehementia
2908 4376 3072 4440 all'c-

408 4486 578 4547 ctus,
624 4485 697 4545 ln
737 4480 898 4569 ipsis
936 4479 1157 4547 titulis
1199 4479 1448 4567 quibus
1488 4484 1665 4544 Deus
1704 4478 2187 4569 compellatur,
2225 4479 2451 4567 primo
2493 4482 2840 4546 mentione
2884 4504 3072 4547 crea-

408 4584 576 4652 toris
633 4587 829 4674 quasi
882 4590 1202 4652 monetur
1249 4607 1262 4653 :
1309 4584 1489 4651 nihil
1539 4584 1740 4650 odisti
1794 4605 2032 4650 eorum
2077 4606 2254 4673 quae
2311 4584 2552 4665 fecisti,
2614 4607 2836 4673 neque
2884 4588 3072 4652 enim

411 4691 656 4758 odiens
688 4692 954 4782 aliquid
982 4691 1412 4774 constituisti,
1451 4690 1687 4776 diligis
1713 4690 1899 4757 enim
1932 4690 2163 4757 omnia
2193 4712 2371 4778 quae
2401 4696 2559 4755 sunt
2590 4692 2774 4780 (Sap.
2808 4700 3023 4780 iusti-ins
3056 4712 3068 4756 ;

408 4797 689 4864 effertur
726 4798 888 4867 dein
921 4800 1067 4866 eius
1097 4797 1400 4888 potentia
1433 4818 1447 4864 t
1481 4796 1828 4878 terribilia,
1859 4797 2066 4883 fortis
2078 4817 2105 4881 ;
2134 4796 2299 4864 dein
2329 4797 2579 4885 quibus
2618 4799 2808 4887 quasi
2844 4808 3072 4888 poten-
