3625 5367
707 316 734 372 1.
758 330 854 374 unca.
877 316 1018 387 aut-19.
1473 319 1530 377 155

199 488 282 536 neque
304 475 549 526 subministrabunt
569 478 698 539 triticum,
716 491 802 529 arma.
853 485 901 544 ρει·
929 468 979 527 26.
1007 468 1052 526 καί
1080 468 1134 534 τοῖς
1159 469 1320 544 πολεμοῦσιν
1349 469 1379 526 ού
1406 466 1532 526 δώσουσιν

199 566 350 627 pecuniam,
371 579 463 627 naves,
485 567 555 615 sicut
577 565 682 631 placuit
707 567 805 615 Roma·
851 553 911 612 adit
945 555 1124 634 ἐπαρκέσουσι
1159 564 1241 630 σῖτον,
1277 558 1358 629 ὅπλα,
1397 556 1532 636 ἀργύριον,

199 654 251 712 nis,
269 659 292 701 et
308 655 458 703 custodie-ut
471 655 603 704 mandata
622 668 712 704 earum
730 655 805 704 nibil
851 643 943 716 πλοῖα,
957 647 992 710 ὡς
1005 643 1078 713 ἔδοξε
1093 644 1249 722 Ῥωμαίοις,
1264 646 1311 704 καί
1327 643 1488 725 φυλάξονται
1501 646 1533 702 τὰ

200 741 290 790 abeis
312 743 482 807 accipientes.
501 743 543 793 27.
561 743 695 793 Similiter
717 751 804 793 autem
851 732 1012 811 ρυλάγματα
1034 735 1122 792 αὐτῶν
1142 734 1214 792 οὐθὲν
1232 733 1367 801 λαὸόντες.
1385 737 1435 794 27.
1456 732 1533 793 Κατδι

200 835 224 879 et
245 832 270 879 si
293 832 369 894 penti
392 833 552 881 ludaeorum
576 834 654 896 prius
677 834 804 882 acciderit
850 822 883 878 τά
903 820 972 879 abab
991 821 1019 881 δὲ
1037 821 1083 880 ἔδυ
1104 821 1170 880 ἔθνει
1196 822 1331 882 Ἰουδαίων
1352 821 1444 899 συμύῇ
1465 844 1532 896 προ-

200 917 307 980 bellum,
325 918 493 970 adiuvabant
513 921 628 970 Romani
649 935 681 970 ec
701 922 801 980 anima,
849 909 934 990 τίροις
952 909 1077 987 πόλεμος,
1096 910 1321 991 συμμαχήσουσιν
1345 915 1369 970 al
1397 909 1533 986 Ῥωμαῖοι

196 1015 278 1071 prout
290 1010 328 1058 eis
339 1015 441 1074 tempus
449 1010 618 1073 permiserit,·
631 1009 674 1060 28.
684 1017 709 1059 et
723 1012 803 1059 adiu·
850 999 881 1056 ἐκ
901 1001 999 1080 ψυχῆς,
1017 1002 1053 1065 eu
1075 999 1106 1058 δν
1128 1002 1217 1066 αὐτοῖς
1232 1003 1246 1058 δ
1260 1003 1353 1080 καιρὸς
1379 1003 1531 1079 ὑπογραφῇ·

197 1097 326 1146 vantibus
349 1112 404 1147 nou
427 1098 538 1148 dabitur
564 1100 693 1159 triticum,
715 1113 802 1160 arma,
850 1088 899 1148 λθ.
924 1087 970 1146 καλ
991 1091 1256 1168 τοῖςσυμμαχοῦσιν
1276 1091 1305 1148 ού
1328 1087 1467 1158 δοθήσεται
1488 1094 1530 1145 σῖ-

196 1186 322 1249 pecuuia,
340 1200 431 1246 naues,
447 1189 515 1236 sicut
536 1187 642 1251 placuit
662 1189 801 1244 Romanis,
849 1198 903 1249 τος,
923 1176 1005 1246 ὅπλα,
1025 1175 1159 1256 ἀργύριον,
1176 1179 1272 1250 πλοῖα,
1289 1180 1324 1244 ὡς
1343 1175 1414 1244 ἔδοξε
1434 1174 1529 1255 Ῥώμῃ
1630 1191 1633 1198 “

198 1281 222 1322 et
251 1273 401 1325 custodient
429 1276 560 1325 mandata
585 1290 675 1326 eorum
706 1277 804 1340 absque
849 1265 895 1323 καὶ
910 1263 1070 1343 φυλάξονται
1091 1266 1124 1325 τά
1143 1266 1306 1343 ρυλάγματα
1327 1272 1413 1324 ταῦτα
1436 1263 1482 1323 καί
1499 1266 1529 1323 ού

197 1361 269 1413 dolo.
850 1352 919 1429 μετὰ
940 1353 1028 1414 δολου.

233 1451 277 1501 29.
298 1453 448 1502 Secundum
472 1454 535 1502 baec
556 1454 638 1503 uerba
661 1455 803 1503 constitue·
889 1444 941 1503 29.
974 1443 1054 1503 Κατὰ
1088 1440 1148 1511 τούς
1178 1443 1271 1520 λόγους
1304 1441 1411 1508 τούτους
1447 1440 1529 1508 οὕτως

196 1546 261 1589 runt
288 1541 403 1590 Romani
431 1541 533 1606 populo
562 1543 731 1592 ludaeorum.
758 1543 801 1592 30.
848 1528 965 1602 ἔστησαν
987 1530 1122 1608 Ῥωμαῖοι
1144 1531 1282 1612 τῷδήμῳ
1306 1534 1358 1589 τῶν
1383 1529 1530 1590 Ἰουδαίων.

197 1629 271 1687 Quod
286 1630 383 1693 sipost
399 1631 463 1679 baec
482 1631 564 1680 uerba
581 1627 610 1680 lti
630 1638 676 1680 aut
692 1631 738 1680 illi
752 1633 803 1680 ad·
849 1620 896 1678 30.
912 1618 976 1679 Ἐάν
999 1619 1026 1679 δὲ
1053 1621 1121 1696 μετὰ
1142 1618 1201 1686 τούς
1223 1619 1316 1698 λόγους
1337 1618 1444 1687 τούτους
1467 1624 1530 1698 βου-

196 1718 257 1767 dere
273 1723 320 1766 aut
336 1717 438 1768 demere
455 1719 571 1768 adhaec
588 1719 696 1781 aliquid
714 1719 802 1770 aolus·
849 1707 996 1766 λούσωνται
1017 1698 1088 1767 abror
1103 1708 1148 1767 καὶ
1170 1699 1240 1768 οὗτοι
1254 1713 1411 1790 προσθεῖναι
1426 1707 1443 1779 ἢ
1467 1711 1530 1789 alps-

195 1808 264 1866 cint,
279 1806 382 1870 {acient
396 1821 427 1856 ea
443 1809 582 1872 proposito
597 1821 660 1864 sua:
679 1815 703 1857 et
723 1822 803 1871 quae·
848 1797 915 1870 λεῖν,
941 1795 1096 1868 ποιήσονται
1122 1796 1149 1865 ἐξ
1175 1795 1303 1878 αἱρέσεως
1326 1799 1424 1870 αὐτῶν,
1447 1798 1494 1856 καὶ
1518 1797 1532 1858 θ

195 1908 305 1957 cumque
321 1896 479 1946 addiderint
493 1896 536 1946 acl
552 1897 723 1960 dempserint,
741 1904 803 1947 rata
848 1885 1089 1964 stomacatione
1105 1885 1237 1966 ἀρίλωσιν
1252 1885 1330 1945 ἔσται
1348 1888 1438 1964 κύρια.
1463 1909 1467 1916 ·

195 1991 286 2032 eruut.

231 2071 275 2122 31.
297 2073 394 2123 Sedet
416 2075 446 2122 de
467 2073 548 2123 malis
570 2088 637 2136 arcae
656 2057 803 2124 Demetrius
889 2062 1008 2124 iii-Kal
1031 2062 1091 2142 περὶ
1114 2067 1167 2123 τῶν
1191 2066 1282 2122 κακῶν
1305 2054 1341 2120 br
1367 2069 1381 2122 ὁ
1407 2062 1532 2141 βασιλεὺς

195 2173 244 2210 resc
259 2161 323 2225 [ecit
336 2163 367 2210 in
381 2175 433 2222 eos,
448 2164 604 2226 scripsimus
619 2163 644 2212 ei
659 2165 775 2213 diceutes
793 2178 801 2211 .·
849 2153 1003 2230 Δημήτριος
1024 2155 1188 2211 συντελεῖται
1210 2155 1247 2220 εἷς
1262 2151 1356 2218 αύτούς
1375 2153 1529 2234 ἐγράψαμεν

194 2263 280 2312 auare
294 2253 416 2314 pravasti
432 2251 525 2313 lupum
543 2257 618 2300 tuum
635 2266 715 2316 super
732 2253 803 2300 arni·
849 2242 922 2321 αὐτῷ
946 2241 1076 2318 λέγοντες·
1106 2241 1148 2302 διδ
1173 2240 1199 2299 τί
1228 2241 1358 2322 ἑύάρυνας
1383 2241 1427 2299 τὸν
1454 2241 1529 2319 ζυγόν

194 2353 238 2388 cas
260 2345 368 2389 nostras
391 2345 415 2388 et
439 2339 522 2388 socios
549 2341 680 2389 ludaeos?
705 2341 748 2390 31.
773 2342 803 2390 Si
849 2352 896 2388 σου
913 2329 957 2387 ἐπὶ
981 2328 1040 2396 τούς
1066 2327 1155 2408 φίλους
1181 2333 1258 2404 ἡμῶν
1281 2328 1341 2396 τοὺς
1369 2329 1529 2409 συμμάχους

194 2441 259 2490 erpo
281 2427 379 2477 iterum
400 2429 520 2477 adierint
543 2443 602 2488 aas,
619 2430 760 2479 aduersum
779 2436 802 2477 te
849 2417 1008 2485 Ἰουδαίους;
1030 2421 1079 2478 32.
1107 2417 1151 2477 ἐάν
1178 2409 1222 2476 obv
1247 2419 1285 2477 ἔτι
1306 2417 1436 2498 ἐντύχωσι
1459 2418 1529 2477 κατά

194 2515 327 2579 faciemus
348 2516 407 2566 illis
427 2518 559 2566 iudicium
578 2525 602 2566 et
620 2519 802 2581 pupnabimus
849 2510 908 2582 σού,
932 2505 1078 2581 ποιήσομεν
1106 2507 1194 2573 αὐτοῖς
1216 2504 1264 2576 τὴν
1290 2509 1376 2587 κρίσιν
1408 2506 1454 2564 καὶ
1480 2529 1528 2565 πο-

194 2612 280 2655 tecum
292 2607 363 2654 mari
378 2613 511 2668 terraque.
848 2593 1001 2670 λεμήσομέυ
1019 2617 1047 2652 σε
1066 2593 1108 2652 διδ
1128 2597 1176 2665 τῆς
1193 2593 1330 2667 θαλάσσης
1351 2593 1397 2652 καὶ
1420 2591 1464 2654 διὰ
1485 2600 1530 2666 τῆς

850 2682 939 2761 ξηρᾶς·

235 2916 383 2997 Legatos
397 2933 484 3001 quos
495 2917 640 2980 Romam
654 2912 808 2978 mitteret
819 2912 927 3000 elegit
943 2913 1044 2980 ludas
1059 2914 1288 3003 Eupolemum
1303 2913 1413 2980 filium
1437 2919 1531 2981 loan-

192 3018 249 3086 nis
264 3016 321 3106 (de
336 3039 405 3106 quo
418 3018 496 3085 vide
516 3021 656 3087 211οο11.
675 3018 768 3108 ύ,11)
784 3038 834 3088 τοῦ
858 3019 979 3100 Ἀκαώς
994 3019 1058 3085 filii
1077 3020 1288 3112 Accos(vulg
1302 3019 1434 3110 lacob);
1450 3020 1493 3087 ef.
1511 3027 1527 3085 1

193 3130 272 3192 Par.
296 3131 398 3206 ibib
431 3125 512 3217 pipp
538 3123 669 3210 Ἀκκύς,
689 3131 805 3209 Accos,
823 3125 956 3193 familia
977 3126 1199 3194 sacerdotalis
1220 3127 1275 3193 cui
1294 3126 1440 3216 septima
1460 3147 1531 3193 sors

193 3231 356 3318 contigit3
372 3229 467 3298 idem
485 3253 611 3298 nomen
626 3232 754 3317 legitur
772 3232 865 3298 [θοᾶν.
891 3239 983 3312 2,61,
1002 3233 1085 3298 Neh.
1102 3236 1171 3311 3,t.
1195 3239 1234 3296 21
1247 3253 1265 3318 ;,
1277 3239 1368 3297 163.
1385 3235 1528 3321 Eupole-

193 3359 289 3404 mum
312 3358 383 3405 esse
405 3336 566 3419 eundem,
589 3337 722 3426 dequo
751 3337 916 3426 scriptore
945 3359 1060 3404 rerum
1081 3336 1246 3404 Eusebius
1276 3337 1371 3403 varia
1397 3338 1528 3426 profert

194 3446 326 3532 [Praep.
344 3466 396 3511 ev.
414 3450 506 3523 9,1·1.
523 3446 638 3528 30-31)
662 3443 756 3510 haud
785 3443 886 3533 pauci
917 3442 1049 3533 opinati
1076 3447 1166 3524 sunt,
1197 3464 1301 3532 quam
1327 3443 1526 3533 opinionem

195 3551 343 3618 Schurer
358 3573 494 3640 quoque
509 3549 728 3639 probabilem
753 3550 858 3617 habet
875 3548 912 3638 (l.
930 3573 960 3616 c.
983 3553 1046 3639 lp.
1066 3555 1129 3616 189
1151 3555 1222 3616 not.
1243 3556 1301 3630 1⁷3
1321 3555 1362 3617 lll
1380 3573 1412 3640 p.
1432 3551 1524 3640 352);

195 3671 226 3724 et
243 3660 413 3738 Iasonem,
430 3662 552 3738 lesum,
574 3656 685 3724 filium
707 3657 865 3737 blancari,
894 3656 956 3746 qui
972 3657 1174 3744 ceteroquin
1187 3656 1329 3742 ignotus
1354 3663 1413 3722 est.
1440 3657 1528 3723 Finis

196 3763 378 3851 legationis
388 3768 473 3845 erat,
490 3770 528 3830 ut
542 3786 605 3852 pro
617 3763 749 3830 ludaeis
764 3762 910 3830 Romani
928 3763 1158 3829 concederent
1177 3762 1363 3829 amicitiam
1379 3767 1412 3828 et
1434 3762 1528 3830 nuxi-

195 3867 281 3935 lium
295 3869 334 3935 in
352 3891 471 3958 pugna
496 3869 520 3937 i.
538 3891 568 3937 e.
587 3880 769 3958 συμμαχίαν,
785 3891 874 3958 quae
899 3868 1070 3958 imprimis
1091 3868 1129 3935 in
1149 3891 1189 3935 eo
1209 3873 1296 3935 esset
1321 3868 1528 3953 exlribenda,

198 3981 233 4042 ut
252 3975 372 4043 ludaei
385 3975 621 4042 liberarentur
639 3998 659 4043 a
676 3975 759 4063 iugo
783 3976 877 4062 regis
898 3977 1018 4064 Syriae
1039 3997 1071 4042 v.
1095 3981 1153 4058 183
1173 3973 1258 4065 quia
1280 3975 1529 4044 ulciscentis.

198 4103 236 4148 ex
249 4083 298 4148 eis
312 4105 402 4170 quae
415 4081 521 4169 legati
541 4083 772 4172 exponebant,
790 4082 881 4150 clare
897 4083 1107 4172 perspexisse
1123 4081 1285 4150 censendi
1295 4088 1375 4149 suni
1389 4083 1533 4152 Romani

198 4188 299 4254 lsrael
322 4188 489 4278 opprimi;
512 4188 593 4278 quia
612 4189 771 4256 riderent
793 4188 939 4256 Romani
957 4194 1035 4271 eto.;
1055 4189 1104 4255 ita
1125 4188 1163 4256 in
1188 4189 1342 4257 oratione
1364 4190 1532 4257 indirecta

140 4331 147 4336 ·
199 4291 380 4362 dicendum
400 4301 484 4362 erat.
514 4299 535 4363 S
556 4316 563 4361 :
587 4295 670 4385 quia
693 4315 840 4382 regnum
869 4299 1075 4363 Graecorum
1107 4295 1324 4385 opprimebat
1346 4297 1451 4362 lsrael
1479 4297 1531 4384 (ex

199 4402 363 4468 sententia
380 4401 570 4491 scriptoris,
588 4403 639 4468 uti
665 4424 798 4489 graece,
817 4425 846 4485 s,
863 4409 907 4470 ’ὁτι
928 4411 1000 4482 ἴδον,
1024 4403 1108 4468 alias
1127 4401 1163 4466 in
1183 4404 1336 4468 oratione
1361 4401 1531 4468 indirecta

200 4527 238 4571 ex
251 4513 364 4576 mente
384 4508 552 4575 mittentis
567 4515 611 4576 iu
624 4509 738 4590 ἴδοιεν).
754 4510 876 4575 blentio
889 4509 929 4582 fit
950 4509 987 4575 in
1007 4529 1038 4573 ν.
1052 4513 1092 4573 19
1105 4505 1182 4573 'viae
1197 4507 1327 4574 multae
1345 4505 1458 4590 valde,
1472 4507 1529 4574 iti-

200 4613 288 4680 neris
304 4614 423 4702 longi;
445 4619 574 4704 quanto
591 4614 701 4702 igitur
711 4615 825 4681 studio
839 4636 940 4705 opem
958 4637 998 4679 ex
1016 4617 1149 4680 remota
1168 4613 1310 4698 regione
1326 4613 1392 4680 sibi
1408 4617 1528 4704 acqui-

201 4739 273 4787 rere
290 4721 483 4790 studuerint
507 4721 699 4805 exhibetur,
720 4726 754 4787 et
776 4743 857 4788 cum
876 4743 916 4788 ex
938 4725 1035 4788 tanta
1060 4719 1222 4786 distantia
1242 4721 1333 4787 fama
1354 4725 1529 4790 Romano-

1771 4749 1777 4784 t

1711 4781 1777 4892 A
