3625 5367
775 352 803 409 ⁶2.
828 366 921 411 utcu,
946 356 1009 425 9‚t.
1511 360 1571 418 373

233 502 375 566 metipsum
413 503 458 551 sed
488 516 560 567 spem
596 504 708 553 mattam
739 504 839 553 habens
887 507 975 573 κοινῆς
994 504 1100 561 πάντων
1119 505 1273 583 ἀσφαλείας.
1289 507 1412 566 ‘teto-tn
1431 506 1570 585 ἀπογινώ-

234 592 378 653 οίίυρίοαθι·
404 592 603 656 infirmitatem:
627 593 669 643 23.
694 593 839 656 respiciens
886 613 957 649 οκονν
981 592 1014 649 τὰ
1037 593 1096 651 κατ’
1119 595 1244 668 ἐμαυτὸν,
1267 593 1337 652 ἀλλὰ
1364 593 1435 674 ἔχων
1460 597 1565 666 πολλὴν

235 687 322 727 autern
337 681 406 742 qnod
425 687 449 728 et
465 686 544 745 pater
559 696 639 741 niens,
657 682 754 744 arcibus
774 688 839 730 tem·
886 679 980 738 ἐλπίδα
993 679 1162 760 ἐκφεύξεσθαι
1174 678 1222 752 τὴν
1236 681 1385 753 ἀσθένειαν,
1398 688 1448 743 23.
1461 688 1566 762 θεωρῶν

232 768 344 831 poribus
370 770 400 817 in
422 768 485 817 iocis
515 770 701 833 superioribas
728 770 839 819 ducebat
885 766 967 827 δὲότι
986 768 1164 847 καλόπατὴρ
1183 769 1302 837 καθόθς
1320 771 1429 849 καιρούς
1448 776 1485 838 εἷς
1506 772 1566 837 τοὺς

233 858 390 915 exercitam,
414 858 528 906 ostendit
553 861 599 921 qni
622 866 681 924 post
705 872 731 907 sc
752 860 839 907 susci-
885 856 941 914 ἄνω
955 859 1049 925 τόπους
1063 858 1302 935 ἐστρατοπέδευσεν
1317 859 1430 927 ἀνέδειξε
1445 861 1489 919 τὸν
1504 862 1567 918 δια-

232 952 305 1008 peret
324 946 519 1009 principatum,
538 946 582 996 it.
599 954 627 997 nt
648 950 671 996 si
691 948 757 1011 qnid
775 960 839 997 cott-
885 944 1031 1020 δεξόμενον,
1048 948 1095 1005 ἰθύ.
1112 946 1184 1013 ὅπως
1206 948 1253 1005 icis
1274 972 1299 1007 τι
1320 948 1470 1027 παράδοξον
1495 952 1565 1006 ἀπυ-

232 1034 348 1081 trarium
366 1035 506 1095 accideret,
528 1042 575 1085 οιιο
595 1036 707 1100 difficile
725 1037 838 1085 nuntia-
886 1033 965 1111 δαίνῃ
983 1032 1000 1104 ἢ
1019 1034 1065 1093 καὶ
1084 1037 1266 1113 προςαγγελθῇ
1281 1060 1306 1093 τι
1321 1035 1452 1116 Rumpis,
1468 1038 1567 1105 εἰδότες

233 1130 320 1181 retur,
348 1124 459 1172 seientes
488 1124 517 1171 iri
548 1125 595 1187 qni
624 1126 653 1173 in
683 1126 838 1186 ropionibus
884 1124 909 1181 ot
945 1122 1014 1181 κατὰ
1042 1123 1092 1193 τὴν
1122 1122 1215 1202 χώραν
1242 1116 1265 1205 ᾧ
1293 1126 1502 1184 καταλέλειπται
1532 1126 1567 1185 τὰ

233 1216 319 1270 erant,
336 1212 378 1260 cni
393 1218 458 1261 esset
473 1225 563 1261 rernm
580 1227 683 1262 summa
699 1212 836 1273 dereticta,
885 1212 1041 1289 πράγματα,
1059 1212 1097 1287 μὴ
1118 1213 1362 1291 ἔπιτορόσοωνταυ
1378 1216 1428 1273 ί25.
1452 1214 1516 1291 πρὸς
1537 1214 1573 1274 δέ

231 1312 286 1347 ηῡη
316 1300 506 1360 tartarearum
529 1302 572 1351 25.
597 1303 631 1351 ad
658 1302 721 1351 haec
749 1303 839 1351 consi·
885 1299 985 1366 τούτοις
1008 1306 1144 1360 κατανοῶν
1167 1300 1228 1368 τοὺς
1249 1302 1461 1383 παρακειμένους
1482 1303 1566 1362 θυνό-

231 1389 331 1437 dernns
351 1390 381 1437 de
401 1390 522 1452 proximo
540 1397 658 1453 potentes
678 1404 794 1453 quasque
814 1398 838 1439 ct
885 1412 949 1455 οτας
962 1388 1009 1447 καί
1022 1393 1239 1469 γιιτνιῶνταςιῇ
1256 1390 1380 1471 βασιλεία
1394 1392 1447 1454 τοῖς
1462 1394 1565 1469 καιροῖς

233 1477 334 1525 uicinos
351 1478 513 1539 temporibus
532 1479 696 1528 insidiantes
715 1486 740 1529 et
759 1493 838 1529 cuen-
885 1478 1030 1557 ἐπέχοντας
1062 1479 1107 1536 καὶ
1140 1479 1342 1557 προςδοκῶντας
1371 1478 1402 1538 τὸ
1429 1478 1567 1549 ἀποθήσο-

231 1571 288 1612 ειιιη
299 1571 487 1627 exspectantes,
502 1568 642 1629 desipnnui
653 1568 740 1632 fitium
755 1581 838 1617 meum
885 1590 973 1641 μενον,
987 1565 1145 1644 ἀναδέδειχα
1160 1566 1204 1625 τὸν
1220 1567 1275 1625 υἱὸν
1290 1566 1422 1646 Ἀντίοχον
1443 1568 1566 1643 βασιλέα,

234 1652 392 1717 Antiochum
416 1667 516 1717 repom,
543 1669 620 1717 quem
644 1669 722 1720 saepe
746 1669 838 1707 recnr-
884 1653 913 1713 δν
928 1655 1057 1721 πολλάκις
1076 1656 1229 1735 ἀνατρέχων
1245 1658 1281 1721 εἰς
1295 1656 1343 1722 τὰς
1357 1656 1448 1714 insisto
1463 1677 1566 1735 σατρα-

234 1755 294 1790 rcns
312 1742 342 1789 in
356 1743 499 1805 superiora
518 1756 602 1806 repna
617 1744 708 1793 moitis
723 1753 838 1794 uestrum
884 1742 962 1810 πείας
982 1750 1035 1811 τοῖς
1056 1742 1191 1810 πλείστοις
1215 1747 1290 1821 ὑμῶν
1312 1744 1565 1822 παρακατετιθέμην

232 1830 457 1889 commendabam,
479 1837 504 1881 et
523 1834 620 1895 scripsi
640 1834 674 1881 ad
694 1847 752 1883 enm
772 1848 838 1897 qnae
884 1833 931 1889 καὶ
958 1832 1098 1903 συνίστων,
1124 1832 1245 1912 γέγραφα
1274 1832 1304 1891 δὲ
1331 1832 1397 1909 πρὸς
1424 1831 1503 1890 αύτδν
1531 1832 1566 1890 sir

233 1919 353 1967 subiecto
378 1925 450 1968 sant.
478 1919 521 1969 26.
546 1920 596 1970 Oro
622 1922 713 1983 itaque
741 1935 786 1971 uos
815 1930 838 1971 et
885 1918 1122 1998 ὑπογεγραμμένα.
1137 1924 1189 1981 26.
1206 1921 1363 1999 Παρακαλῶ
1377 1911 1422 1980 οθν
1436 1923 1505 1996 ὑμᾶς
1518 1922 1567 1979 καὶ

231 2014 291 2069 peto
318 2020 443 2056 memores
473 2008 658 2073 beneficiorum
680 2008 787 2077 puplice
815 2018 838 2059 ct
885 2008 959 2080 ἀξιῶ,
977 2007 1162 2085 μεμνημένους
1180 2012 1233 2066 τῶν
1252 2010 1408 2087 εὐεργεσιῶν
1427 2013 1502 2088 κοινῇ
1521 2011 1567 2067 καὶ

232 2096 378 2159 priuatim,
418 2102 447 2143 ut
483 2098 667 2160 unnsquisque
704 2104 838 2147 consen-et
884 2099 943 2153 κατ’
976 2096 1057 2170 ἰδίαν,
1083 2096 1196 2155 ἕκαστον
1229 2101 1368 2177 συντηρεῖν
1402 2098 1450 2167 τὴν
1482 2087 1566 2156 σύσαν

234 2184 309 2245 tidem
323 2183 357 2231 ad
372 2196 410 2232 rne
424 2190 448 2233 et
459 2185 494 2233 ad
506 2184 593 2248 titium
605 2199 700 2235 moritu·
715 2187 759 2237 27.
773 2188 837 2236 Con·
884 2184 987 2243 εὔνοιαν
1006 2187 1042 2251 εἰς
1061 2185 1109 2261 ἐμὲ
1130 2186 1176 2243 καὶ
1195 2185 1239 2243 cis
1260 2185 1324 2245 υἱόν.
1340 2188 1390 2244 ΞΠ.
1408 2186 1565 2260 Πέπεισμαι

234 2272 285 2334 sido
306 2273 456 2322 enimcum
480 2274 591 2322 modeste
614 2281 637 2323 et
660 2275 774 2323 humone
799 2289 838 2323 ac·
883 2272 935 2349 γὰρ
957 2272 1035 2330 αὐτὸν
1054 2275 1177 2339 ἐπιεικῶς
1195 2274 1241 2330 καὶ
1260 2270 1453 2351 φιλανθρώποις
1473 2295 1565 2351 παρα-

234 2368 323 2409 turum
342 2367 373 2434 et
386 2369 536 2423 sequentem
554 2364 722 2426 propositum
742 2376 836 2423 meum,
883 2361 1059 2419 κολοοθοῦντα
1086 2366 1119 2440 τῇ
1154 2364 1207 2439 ἐμῇ
1240 2359 1394 2439 προαιρέσει
1434 2383 1565 2439 συμπερι-

232 2454 257 2496 ct
273 2462 433 2498 commanem
447 2450 521 2500 robis
534 2450 600 2514 [ore.
883 2448 1073 2527 ενεχθήσεσθαι
1088 2450 1160 2525 ὑμῖν.

270 2537 313 2586 28.
342 2538 431 2600 tpitur
457 2539 592 2588 homicida
617 2546 641 2589 et
669 2540 838 2604 blasphemus
925 2540 975 2599 28.
996 2535 1031 2597 ‘0
1044 2536 1093 2612 μὲν
1109 2528 1154 2595 cir
1174 2536 1333 2617 ἀνδροφόνος
1347 2536 1393 2594 καὶ
1410 2535 1564 2616 βλόςφημφς

232 2627 344 2689 pessime
360 2634 540 2691 percussisset
560 2634 589 2677 nt
610 2629 666 2691 ipse
679 2628 749 2677 aiios
769 2634 838 2677 trac·
887 2626 922 2685 τὰ
941 2626 1063 2704 χείριστα
1082 2625 1186 2705 παθὼν,
1200 2629 1236 2692 ὡς
1254 2625 1357 2702 ἑτέρους
1376 2625 1506 2695 διέθηκεν,
1521 2624 1566 2684 ἰπὶ

234 2721 347 2775 tarerat,
363 2728 472 2778 perepre
488 2718 518 2765 in
534 2717 667 2765 montibus
687 2716 838 2765 miserabili
884 2714 958 2784 ξένης
969 2716 995 2771 ἐν
1007 2722 1062 2781 τοῖς
1072 2713 1160 2792 ὄρεσιν
1173 2713 1298 2792 οἰκτίστῳ
1312 2713 1386 2792 μόριρ
1397 2711 1563 2792 κατέστρεψε

233 2802 564 2866 οθίειιυίιαίιιασιυεοεε.
587 2805 630 2855 te.
648 2804 837 2868 transferebat
884 2804 928 2861 τὸν
964 2802 1030 2881 βίον.
1059 2806 1109 2863 29.
1136 2802 1339 2881 Παρικομίζετο
1367 2802 1395 2859 δὲ
1428 2800 1459 2861 τδ
1486 2803 1566 2878 σῶμα

231 2897 320 2941 autem
353 2905 448 2956 corpus
481 2892 625 2957 Phiiippus
658 2893 838 2943 collactaneus
884 2892 1061 2963 ψίλιιιιτος,ὁ
1080 2889 1222 2971 σύντροφος
1242 2894 1333 2962 αὐτοῦ,
1349 2890 1377 2956 ὃς
1395 2890 1441 2948 καὶ
1461 2892 1565 2948 διευλα·

233 2982 303 3039 rins,
329 2980 376 3043 qni
401 2988 517 3029 rnetrrens
545 2980 631 3055 fitium
654 2984 778 3033 Antiochi
803 2985 837 3033 asi
885 2982 974 3059 βηθεὶς
1000 2981 1045 3039 τὸν
1069 2979 1124 3039 otis
1145 2979 1280 3059 Ἀντιόχου
1306 2979 1372 3059 πρὸς
1397 2978 1565 3053 Πτολεμαῖον

232 3068 410 3118 Ptoternaermt
426 3070 627 3119 Piritometcrem
645 3072 675 3121 in
690 3074 838 3137 Aeppptam
883 3070 928 3127 τὸν
943 3069 1121 3148 Φιλομήτορα
1137 3071 1173 3136 εἷς
1185 3069 1318 3146 Αἴγυπτον
1334 3066 1501 3144 διεκομίσθη.

233 3156 312 3206 atriti.

278 3365 367 3436 Quae
383 3358 439 3423 hic
455 3352 639 3425 narrantur
652 3358 695 3425 dc
711 3358 832 3425 morbo
847 3366 879 3426 ei
898 3364 1007 3425 morte
1022 3358 1185 3425 Antiochi
1199 3359 1305 3445 regis
1322 3357 1436 3447 primo
1451 3377 1567 3445 aspec-

234 3472 270 3532 tu
291 3466 370 3532 satis
390 3465 528 3532 differre
541 3464 704 3532 videntur
717 3464 759 3531 ab
775 3463 817 3532 iis
831 3488 921 3555 quae
941 3472 958 3531 1
975 3464 1081 3533 tinch.
1102 3472 1217 3543 ‹sn-16
1233 3464 1440 3530 referuntur.
1459 3465 1568 3552 Opor-

233 3578 281 3638 tet
295 3574 411 3661 itaquc
430 3570 568 3657 singula
585 3571 674 3637 bene
690 3571 883 3661 expendere
897 3576 930 3638 et
942 3571 1085 3661 insuper
1102 3571 1147 3637 ob
1162 3570 1279 3637 oculos
1294 3569 1424 3637 habere
1441 3569 1568 3636 nostris

234 3678 430 3745 auctoribus
451 3700 519 3744 non
538 3678 639 3745 tuisse
660 3678 874 3768 propositum
891 3679 983 3767 ipsas
998 3700 1053 3745 rcs
1071 3677 1117 3744 ab
1132 3678 1299 3744 Antiocho
1318 3681 1432 3762 gestas
1447 3674 1568 3741 sedulo

232 3785 459 3874 perscribere,
481 3784 539 3851 sed
559 3807 598 3851 ea
620 3784 729 3850 solum
753 3784 871 3873 aliquo
896 3786 1001 3851 modo
1024 3784 1197 3870 attingere
1222 3782 1386 3849 solebant
1411 3803 1500 3872 qnae
1523 3781 1567 3847 ad

235 3891 406 3959 iudaicam
431 3891 606 3957 historiam
628 3892 834 3980 pertineant.
857 3896 907 3957 lta
928 3890 1018 3958 nihil
1037 3890 1166 3977 legitur
1186 3891 1228 3956 de
1248 3888 1338 3956 bello
1365 3893 1484 3955 contra
1504 3892 1568 3953 Ar·

234 3999 371 4081 taniam,
389 4019 505 4084 regem
524 3998 776 4080 Armeniorum,
796 4020 898 4087 quem
913 3998 1031 4064 vivum
1047 3999 1137 4086 cepit
1151 3997 1352 4081 Antiochus,
1370 4003 1446 4084 post
1461 4016 1566 4085 quam

235 4104 413 4170 victoriam
427 4103 616 4170 Antiochus
630 4103 721 4171 diem
738 4103 824 4171 obiit
840 4104 848 4178 ί
854 4110 941 4194 App.
958 4108 1032 4192 Syr.
1055 4103 1184 4191 tat-tc).

280 4214 361 4277 Cum
375 4210 413 4277 in
426 4233 458 4277 v.
477 4218 488 4277 1
510 4209 668 4299 explicite
684 4209 820 4277 dicatur
838 4217 906 4299 περὶ
922 4219 953 4279 δὲ
973 4223 1023 4278 ταν
1040 4224 1141 4300 carpis
1162 4217 1288 4291 ἐκεῖνον,
1309 4209 1470 4300 spoliatio
1490 4214 1567 4273 ten-

234 4322 305 4385 tata
324 4315 457 4406 templi,
480 4319 522 4383 de
542 4340 609 4405 qun
632 4324 647 4383 1
669 4318 773 4383 triech.
792 4324 846 4398 6,1
869 4340 940 4405 seq.
965 4339 1114 4407 quoque,
1131 4318 1280 4384 retertur
1295 4316 1340 4382 ad
1361 4322 1508 4403 tempus,
1525 4311 1568 4377 de

233 4447 304 4513 quo
323 4424 361 4491 in
372 4445 447 4513 cap.
464 4429 610 4490 8actum
625 4427 684 4506 est,
703 4445 788 4509 ergo
803 4422 847 4490 ad
859 4444 989 4489 annum
1014 4430 1076 4490 rec
1094 4445 1125 4489 a.
1147 4423 1227 4503 Ch.;
1244 4420 1431 4487 Antiochus
1449 4420 1565 4507 itaque

234 4529 356 4598 eodem
379 4552 469 4598 anno
493 4553 562 4619 quo
583 4530 817 4597 transfretavit
838 4530 1047 4618 Euphratem
1069 4529 1238 4617 templum
1254 4547 1392 4616 quoque
1416 4524 1567 4615 spoliare

235 4638 393 4718 tentavit3
418 4659 481 4704 nec
501 4636 638 4717 mirum,
660 4657 740 4703 nam
768 4640 875 4703 totum
902 4635 998 4702 illam
1021 4634 1273 4724 expeditionem
1294 4632 1444 4722 suscepit
1463 4654 1567 4723 pecu-

233 4746 310 4813 niae
332 4743 562 4833 acquirendae
591 4764 692 4810 causa
720 4746 760 4833 tt
774 4741 879 4809 tinch.
909 4748 989 4827 3,·29
1009 4742 1117 4830 seq.);
1140 4739 1372 4816 transfretavit
1392 4761 1483 4807 anuo
1503 4745 1567 4807 ttr
