3625 5367
282 363 339 421 188
781 366 808 424 1.
833 382 927 426 utcu.
954 366 1110 437 lancee.

325 539 340 572 «
367 512 551 579 Duodecim
574 513 732 599 ingentia
750 513 919 582 beneficia
940 513 1129 581 Demetrius
1150 509 1311 602 promisit
1327 508 1470 590 ludaeis,
1488 510 1516 574 si
1536 531 1615 576 suas

280 624 394 708 partes
408 624 526 685 eontra
539 618 771 688 Alexandrum
784 623 884 710 sequi
898 643 939 688 ac
953 620 1046 688 tueri
1060 619 1184 696 velint3
1204 616 1294 683 unde
1310 615 1467 702 colligas,
1483 620 1616 703 quante

279 724 384 791 fuerit
402 723 565 791 fortitudo
585 727 725 793 etfama
740 729 915 796 lonathee.
934 727 1087 794 Primum
1105 731 1155 791 est
1168 722 1369 790 immunitas
1383 720 1613 804 tributorum

279 837 311 895 Ξ.
328 829 471 897 libertas
489 832 727 920 lerosolymae,
744 837 784 902 ut
803 834 847 900 sit
866 833 1032 901 immunis
1045 854 1066 899 a
1081 829 1253 922 praesidio
1269 828 1419 896 militum
1437 828 1615 907 Demetrii,

282 942 312 1002 3.
331 938 509 1004 restitutio.
521 938 749 1028 captivorum,
770 945 801 1008 t.
825 941 1006 1031 permissio
1026 939 1166 1006 festivae
1186 935 1323 1027 quietiS,
1341 943 1372 1002 5.
1395 935 1448 1001 ius
1464 935 1617 1000 honora-

281 1051 335 1108 tae
351 1043 507 1127 militiae,
526 1051 558 1112 6.
581 1044 634 1112 ius
654 1047 887 1132 gubernandi,
907 1055 940 1113 7.
967 1047 1021 1114 ins
1042 1043 1203 1114 servandi
1226 1041 1330 1110 fidem
1346 1041 1531 1130 legemque
1553 1063 1618 1129 pa-

283 1149 399 1230 triam,
420 1155 453 1218 8.
471 1152 693 1240 amplificatio
709 1153 854 1221 dominii
879 1153 1061 1243 pontificii,
1086 1159 1118 1219 9.
1143 1149 1286 1217 donatio
1305 1146 1537 1228 Ptolemaidis,
1561 1153 1617 1214 te.

283 1277 418 1323 annuus
430 1280 494 1347 pro
507 1259 635 1347 templo
645 1281 766 1326 census
779 1266 817 1328 15
831 1259 979 1327 millium
992 1259 1169 1340 siclorum,
1188 1265 1240 1323 11.
1254 1257 1308 1323 ius
1322 1253 1409 1342 asyli
1425 1253 1460 1318 in
1474 1251 1616 1342 templo,

284 1368 337 1427 12.
355 1362 548 1430 aedificatio
563 1354 748 1431 ntur-orum
761 1366 947 1434 Ierusalem
966 1395 981 1427 »
1006 1365 1133 1456 (Lep).
1151 1369 1276 1432 Verum
1291 1383 1375 1430 num
1391 1359 1522 1427 sineere
1534 1381 1617 1449 pro-

282 1467 375 1534 misit
386 1471 599 1536 Demetrius?
615 1471 808 1538 Prudenter
827 1495 896 1539 nou
918 1475 948 1538 ei
972 1471 1194 1539 crediderunt
1213 1469 1372 1538 lonathas
1395 1474 1428 1534 et
1449 1466 1614 1556 populus;

281 1595 364 1641 nam
377 1573 481 1642 nimis
492 1574 670 1643 etiamtum
690 1577 817 1646 conscii
837 1585 938 1646 erant
959 1579 1169 1646 damnorum
1187 1595 1394 1663 magnorum
1414 1581 1447 1640 et
1467 1571 1617 1639 vexatio·

281 1702 363 1747 num
379 1680 606 1771 pessimarum
624 1706 712 1773 quee
726 1686 918 1753 Demetrius
930 1685 1096 1752 intulerat
1114 1686 1157 1772 (v.
1177 1688 1243 1751 5et
1258 1704 1333 1772 cap.
1352 1681 1439 1766 7-9).
1460 1679 1620 1745 Libenter

282 1791 395 1853 autem
412 1787 612 1878 adstipulati
628 1796 710 1858 sunt
723 1791 918 1859 Alexandro
933 1815 965 1859 v,
990 1799 1048 1873 tm
1066 1791 1139 1881 ipse
1157 1789 1250 1856 enim
1262 1790 1380 1876 fuerat
1396 1787 1444 1852 eis
1456 1785 1619 1875 princeps

280 1915 473 1960 sermonum
494 1895 604 1986 pacis,
630 1898 773 1966 simulac
797 1904 1001 1988 potestatem
1021 1903 1141 1964 nactus
1156 1901 1218 1978 cst,
1236 1916 1357 1985 pacem
1383 1901 1415 1960 et
1430 1891 1617 1959 amicitiam

281 1999 454 2080 exhibuit3
468 2003 583 2069 statim
600 2005 768 2070 lonatban
778 2005 956 2071 constituit
970 2025 1144 2072 summum
1155 2001 1379 2082 sacerdotem,
1395 1999 1498 2066 titulo
1514 1997 1618 2065 amici

281 2104 373 2191 regis
387 2127 467 2172 eum
482 2109 677 2189 honoravit,
694 2109 846 2196 insignia
859 2111 958 2198 regia
972 2111 1003 2178 ei
1022 2109 1131 2191 misit3
1148 2109 1293 2198 insuper
1306 2104 1496 2174 Alexander
1508 2105 1577 2171 iem
1597 2125 1620 2170 e

281 2214 444 2278 Romanis
457 2215 595 2300 agnitus
610 2221 684 2281 erat
701 2238 770 2296 rex,
793 2217 848 2282 eui
869 2239 973 2306 opem
993 2218 1083 2283 ferre
1105 2215 1332 2282 decreverunt
1348 2213 1404 2302 (ef.
1421 2211 1542 2299 Polyb.
1560 2215 1616 2292 33,

285 2319 350 2388 lbi.
1239 2345 1241 2350 ’
1572 2325 1574 2330 ’

326 2429 371 2490 De
383 2424 518 2493 duobus
532 2428 675 2516 procliis
690 2431 781 2496 inter
793 2429 1030 2497 Alexandrum
1043 2435 1076 2496 et
1086 2429 1298 2497 Demetrium
1311 2427 1497 2497 commissis
1510 2426 1619 2494 refert

284 2533 431 2599 lustinus
450 2533 569 2623 (35‚1)‚
588 2534 787 2625 inquorum
801 2538 915 2627 priore
931 2537 1120 2605 Demetrius
1140 2539 1273 2603 hostem
1291 2535 1439 2622 fugerim
1456 2535 1493 2600 in
1507 2533 1619 2600 altero

285 2644 399 2706 autem
420 2639 614 2709 Alexander
634 2643 762 2711 victum
779 2645 988 2712 Demetrium
1011 2645 1083 2710 vita
1104 2643 1237 2733 pariter
1256 2649 1290 2709 et
1311 2663 1420 2730 regno
1442 2640 1618 2732 spoliavit,

283 2748 306 2809 i.
326 2769 356 2812 e.
383 2747 446 2834 (uti
469 2749 585 2816 statim
607 2749 729 2838 addit),
747 2753 938 2818 Demetrius
960 2750 1088 2818 invicto
1105 2751 1219 2816 animo
1241 2749 1332 2816 inter
1351 2747 1619 2815 confertissimos

287 2852 470 2919 fortissime
488 2854 657 2921 dimicans
669 2856 804 2924 cecidit.
834 2864 870 2924 ln
897 2882 930 2924 v.
956 2865 997 2926 t9
1013 2857 1184 2945 praebent
1206 2877 1239 2942 e,
1262 2860 1289 2922 A
1313 2861 1347 2922 et
1367 2855 1486 2945 plures
1501 2854 1617 2920 utinu-

285 2956 370 3021 sculi
387 2979 394 3024 :
413 2969 519 3045 ἔφυγεν
542 2975 560 3043 ἡ
580 2971 757 3048 παρεμὸελὴ
788 2964 1004 3051 Ἀλεξάνδρευ,
1023 2971 1070 3031 καὶ
1094 2968 1212 3044 ἐδίωξεν
1236 2969 1353 3032 eti-„brt
1375 2965 1562 3050 Δημήτριος,
1584 2965 1619 3026 al

283 3063 384 3130 lectio
407 3086 512 3153 quam
534 3066 701 3156 praebent
722 3068 820 3155 vulg,
845 3074 879 3150 S,
906 3091 921 3135 s
941 3071 1094 3155 genuina
1111 3075 1176 3151 est;
1203 3069 1240 3136 id
1261 3074 1355 3159 patet
1378 3091 1419 3135 ex
1442 3089 1476 3134 y.
1501 3074 1542 3134 50
1567 3075 1617 3134 καὶ

284 3153 443 3258 &exspectes
464 3183 512 3240 :a
528 3179 673 3259 πόλεμον,
690 3174 728 3241 iu
740 3197 810 3264 qua
824 3175 994 3242 sententia
1009 3197 1078 3242 non
1096 3175 1139 3242 de
1151 3177 1323 3243 Demetrio
1339 3197 1452 3243 sermo
1469 3175 1519 3256 fit,
1536 3177 1620 3262 quie

283 3275 367 3343 alies
386 3278 547 3367 repetitio
562 3281 710 3348 nominis
729 3282 766 3349 iu
781 3283 902 3349 eadem
915 3283 1084 3350 sententia
1103 3283 1329 3350 omitteretur.
1349 3287 1492 3371 Insuper
1506 3281 1541 3347 in
1556 3280 1620 3347 illa

283 3383 428 3452 lectione
440 3386 628 3454 Demetrius
638 3388 890 3457 describeretur
904 3389 1028 3472 vietor;
1047 3394 1081 3456 at
1095 3389 1372 3479 exsequentibus
1387 3394 1420 3454 et
1435 3411 1476 3456 ex
1490 3388 1619 3454 Iustino

282 3489 430 3557 refertur
443 3514 522 3559 eum
535 3493 640 3561 fuisse
651 3494 790 3562 vietum.
809 3495 937 3563 Cecidit
951 3496 1140 3563 Demetrius
1151 3518 1242 3562 anno
1253 3497 1352 3583 regni
1367 3494 1420 3561 sui
1436 3493 1618 3561 undecimo

286 3597 342 3681 (cf.
360 3603 415 3680 7,1
441 3605 476 3665 et
501 3606 618 3683 10‚57;
636 3602 719 3668 item
735 3602 896 3691 losephus
921 3603 1066 3690 13‚e‚t);
1087 3601 1247 3689 Polybius
1269 3603 1390 3692 (3‚5‚3)
1415 3602 1447 3668 ei
1464 3603 1619 3689 assignat

282 3704 601 3774 annosduodecim.
1167 3787 1175 3800 .

328 3810 465 3878 Devicto
484 3814 655 3880 Demetrio
675 3820 709 3881 et
724 3821 859 3883 mortuo
873 3815 1064 3883 Alexander
1079 3814 1350 3882 dominationem
1366 3837 1462 3882 suem
1478 3821 1510 3881 et
1526 3815 1620 3880 thro-

285 3938 370 3982 num
394 3920 513 4004 Syriae
545 3927 749 4009 oeeupatum
777 3921 908 4012 nuptiis
938 3923 1043 4008 regiis
1069 3926 1102 3988 et
1128 3922 1281 3988 amicitie
1302 3921 1498 4001 Ptolemaei,
1528 3921 1621 4008 regis

283 4024 441 4109 Aegypti,
468 4025 675 4093 confirmare
697 4036 731 4094 et
748 4051 913 4096 exornare
938 4029 1063 4095 studet.
1082 4028 1209 4095 Scribit
1226 4028 1345 4118 itaque
1368 4031 1411 4094 ad
1428 4017 1621 4095 Ptolemae-

284 4147 340 4191 um
358 4131 396 4192 Vl
412 4129 681 4198 Philometorem
699 4133 773 4223 (qui
785 4135 944 4220 regnavit
960 4141 1117 4203 180-115
1137 4157 1168 4201 a.
1187 4133 1263 4224 Ch.)
1284 4157 1317 4203 v.
1338 4142 1378 4202 51
1397 4141 1502 4226 atque
1516 4134 1560 4200 ab
1581 4157 1621 4200 eo

282 4232 431 4321 postulat
447 4237 671 4326 Cleopatram,
688 4239 794 4304 filiam
811 4241 895 4322 eiua,
914 4264 1071 4324 uxorem;
1091 4243 1127 4307 in
1148 4241 1223 4331 ipsa
1243 4241 1389 4331 epistola
1412 4241 1493 4308 data
1513 4262 1621 4331 opera

282 4361 317 4407 se
332 4363 451 4428 regem
475 4366 546 4410 esse
564 4345 760 4432 legitimum
776 4347 913 4436 saepius
935 4349 1097 4431 affirmat,
1117 4353 1149 4414 et
1170 4348 1351 4415 victoriam
1377 4348 1420 4415 de
1445 4348 1620 4415 Demetrio

284 4455 495 4537 reportatam
517 4455 744 4520 ostentatione
773 4454 963 4543 praedicat.
997 4456 1126 4522 Annuit
1151 4455 1369 4522 Ptolemaeus
1394 4453 1620 4544 postulationi

284 4577 363 4621 enm
382 4579 499 4643 regem
515 4580 706 4646 agnoscens
723 4560 934 4646 legitimum
952 4565 1119 4647 ἀπάντησον
1139 4565 1180 4642 εἰς
1198 4565 1404 4645 Helenum,
1424 4561 1619 4648 Alexander

286 4660 428 4730 victoria
443 4673 542 4754 parta
561 4669 789 4753 Antiochiam,
813 4667 849 4734 in
870 4675 973 4757 caput
991 4667 1093 4754 regni
1116 4690 1272 4734 reversus
1295 4674 1380 4751 erat,
1403 4667 1521 4757 ibique
1544 4669 1615 4735 scil.

287 4794 303 4825 «
328 4768 479 4837 sedimus
503 4773 539 4839 in
564 4774 642 4841 sede
667 4775 768 4860 regni
792 4774 864 4841 cius
892 4804 907 4835 a
934 4775 979 4864 (v.
1009 4781 1062 4842 53.
1082 4773 1151 4862 55).
1179 4773 1306 4841 Dicitur
1324 4781 1550 4862 ἐπιγαμέρεύσω
1574 4804 1619 4842 σει
