3625 5367
734 324 763 382 1.
786 340 877 384 naen.
901 327 1062 397 sats-ts.
1507 323 1564 382 tus

231 469 320 537 dicit
334 469 377 535 de
391 469 526 536 invidia
540 474 773 538 Romanorum
794 472 967 558 evitanda,
985 474 1129 542 omnino
1145 471 1326 563 probabile
1347 477 1407 538 est.
1424 470 1566 537 Videtur

232 578 350 667 itaque
369 575 585 644 Ptolemaeus
603 582 676 643 tum
697 601 738 644 ex
749 600 782 646 v.
802 587 834 664 9,
849 587 923 648 1111
943 603 982 648 ex
1001 580 1198 652 narratione
1219 579 1357 670 Diodori
1379 584 1412 645 et
1431 577 1568 667 Iosephi
1656 665 1659 672 Ι
1790 579 1791 586 ’

232 706 304 750 111
316 682 493 770 integrum
512 705 660 770 regnum
686 684 872 753 Alexandri
898 686 1094 777 appetiisse,
1112 686 1172 753 scd
1194 686 1306 753 solum
1322 686 1394 751 eius
1413 691 1562 774 partem,

234 790 474 878 coelesyriam,
491 790 651 880 adquam
664 792 883 880 pertinebant
898 816 1037 884 quoque
1048 793 1241 860 Palaestina
1254 799 1288 858 et
1299 791 1490 874 Phoeniee;
1509 795 1567 878 Sy-

237 897 309 963 riae
329 895 600 963 dominationem
618 919 822 986 recuperare
834 887 970 967 voluit.
992 939 1036 950 -
1056 905 1100 965 De
1123 900 1303 966 Ammonio
1326 897 1456 985 legitur
1474 897 1565 987 apud

190 1047 197 1057 ·
232 1001 376 1085 Livium,
398 1002 487 1092 Epit.
504 1026 533 1069 c.
548 1009 615 1071 50:
636 1031 652 1066 a
670 1003 804 1072 iacente
821 1029 904 1094 rege
924 1008 960 1074 in
979 1029 1092 1094 ganea
1112 1011 1145 1072 11
1163 1006 1281 1072 1111111
1296 1005 1497 1070 Ammonius
1512 1025 1567 1069 rc-

232 1107 363 1196 gnabat
375 1131 553 1198 perquem
569 1113 604 1175 et
621 1110 724 1176 amici
739 1133 857 1179 omnes
874 1112 968 1200 regis
985 1118 1019 1180 et
1032 1111 1178 1179 Laodice
1191 1111 1313 1198 regina
1328 1115 1364 1178 et
1377 1109 1568 1197 Antigonus

231 1215 394 1282 Demetrii
410 1215 502 1282 filius
517 1215 620 1282 occisi
641 1245 670 1281 n.

275 1326 362 1389 Dum
378 1321 464 1389 haec
479 1327 668 1409 agerentur
690 1323 735 1414 (v.
754 1325 864 1414 8-13),
886 1325 1077 1392 Alexander
1095 1327 1132 1392 in
1152 1324 1270 1391 Cilicia
1287 1329 1474 1413 occupatus
1494 1327 1567 1389 erat

232 1429 269 1494 in
288 1427 464 1495 domanda
485 1429 676 1496 rebellione
698 1452 800 1520 quae,
824 1454 902 1499 cum
924 1432 1120 1502 Demetrius
1149 1431 1198 1498 ihi
1221 1430 1423 1520 appelleret,
1449 1433 1567 1496 contra

231 1558 312 1602 eum
327 1542 445 1603 exorta
455 1543 516 1605 cst.
534 1537 666 1604 Auditis
680 1538 996 1606 machinationibus
1010 1537 1195 1605 Ptolemaei
1209 1544 1330 1604 eontra
1345 1559 1380 1603 se
1394 1537 1470 1625 ipse
1489 1535 1566 1601 bel-

234 1642 307 1709 lum
324 1643 447 1723 movit3
464 1665 585 1710 verum
600 1645 815 1712 Ptolemaeus
830 1645 962 1712 maiore
977 1666 1122 1711 numero
1134 1644 1286 1710 militum
1301 1665 1381 1709 eum
1397 1643 1567 1732 oppressit

231 1756 266 1815 et
285 1750 417 1835 fugavit
432 1773 465 1815 v.
483 1757 536 1817 15.
556 1749 748 1817 Alexander
765 1752 802 1818 in
816 1753 945 1820 Arabia
962 1753 1139 1838 refugium
1159 1755 1191 1818 et
1210 1750 1355 1817 tutelam
1372 1748 1564 1837 quaesivit;
1617 1761 1620 1768 '

224 1855 291 1921 sed
311 1856 455 1938 frustra,
477 1855 616 1922 Zabdiel
638 1857 748 1924 Arabs
771 1856 916 1924 adstulit
931 1871 1035 1948 caput
1055 1856 1250 1924 Alexandri
1273 1869 1306 1923 et
1333 1854 1428 1920 misit
1452 1855 1532 1920 Ptol
1551 1889 1567 1905 -

230 1984 340 2028 maen.
359 1968 391 2028 ls
405 1967 522 2029 tamen
541 1962 636 2029 haud
651 1963 711 2030 diu
730 1963 932 2031 devictoris
954 1970 987 2030 et
1008 1964 1114 2032 caede
1128 1962 1313 2030 Alexandri
1335 1961 1483 2028 laetatus
1496 1965 1561 2039 est3

229 2089 313 2134 nam
332 2070 430 2135 tertia
452 2067 508 2135 die
522 2077 599 2158 post
621 2076 725 2160 caput
741 2070 813 2139 eius
832 2077 1012 2160 acceptum
1025 2071 1100 2160 ipse
1115 2070 1207 2137 diem
1223 2068 1310 2136 obiit
1324 2091 1357 2136 v.
1382 2071 1438 2148 183
1452 2088 1567 2156 neque

229 2176 388 2262 regiones
404 2174 575 2265 urbesque
595 2198 679 2264 quas
701 2182 942 2266 occupaverat,
961 2198 1070 2264 reguo
1092 2177 1241 2265 Aegypti
1262 2173 1563 2264 relinquebantur3

232 2280 359 2348 milites
374 2282 465 2348 cuim
482 2281 704 2371 praesidiarii
721 2305 807 2372 quos
827 2284 861 2348 in
882 2281 1134 2350 munitionibus
1156 2282 1394 2366 collocaverat,
1416 2279 1461 2346 ab
1475 2281 1566 2346 inco·

230 2387 275 2453 lis
289 2386 421 2454 arcium
440 2387 704 2456 trucidabantur
723 2412 756 2456 v.
777 2396 829 2456 18.
844 2389 982 2456 Duobus
996 2389 1115 2478 itaque
1129 2389 1275 2456 aemulis
1295 2385 1440 2454 emedio
1454 2384 1567 2452 subla-

229 2493 274 2560 tis
290 2496 482 2563 Demetrius
496 2501 524 2561 ll
542 2516 688 2580 regnum
708 2495 828 2581 Syriae
850 2495 1000 2566 obtinuit
1015 2516 1107 2562 anno
1123 2501 1185 2560 167
1200 2494 1225 2560 i.
1244 2517 1274 2562 e.
1295 2498 1486 2560 116-1151.
1505 2492 1564 2558 Ch.

274 2600 327 2668 Uti
342 2600 507 2668 Diodorus
526 2607 658 2681 narrat,
677 2602 872 2668 Alexander
891 2602 1024 2690 proelio
1040 2601 1150 2667 victus
1169 2622 1248 2667 cum
1270 2597 1472 2689 quingentis
1491 2619 1565 2663 suo-

228 2729 308 2774 rum
333 2709 455 2794 fugam
474 2707 623 2774 intendit
644 2708 769 2776 urbem
796 2707 943 2774 Arabiae
970 2729 1089 2777 versus
1122 2729 1228 2796 quam
1252 2705 1342 2772 Abas
1372 2709 1497 2770 vocant
1521 2702 1565 2769 ad

229 2815 426 2904 principem
445 2814 605 2896 Dioclem,
628 2814 722 2904 apud
741 2836 844 2903 quem
862 2814 968 2881 etiam
987 2814 1134 2881 filiolum
1153 2835 1253 2880 suum
1278 2810 1486 2878 Antiochum
1506 2809 1566 2876 de-

230 2925 403 3010 posuerat.
422 2919 488 2986 Sed
511 2921 619 3010 aliqui
643 2943 683 2987 ex
696 2904 937 2989 eius'ducibus
959 2925 992 2987 11
1011 2919 1196 2988 comitibus
1220 2919 1309 2986 clam
1330 2917 1502 3006 legatione
1523 2917 1564 2982 ad

230 3026 440 3093 Demetrium
455 3027 498 3093 de
514 3049 576 3096 sua
591 3027 773 3095 securitate
793 3029 896 3095 missa
912 3028 1040 3096 dolose
1056 3026 1289 3094 Alexandrum
1301 3026 1567 3114 interempturos

230 3132 477 3223 promiserunt.
492 3136 683 3201 Demetrius
704 3136 753 3202 eis
771 3135 916 3225 spondet
940 3134 1172 3215 securitatem,
1189 3139 1223 3199 et
1248 3133 1297 3199 ita
1311 3131 1391 3198 sacti
1411 3137 1491 3199 sunt
1508 3130 1564 3196 in-

229 3240 429 3330 terfectores
448 3241 552 3326 regis,
574 3243 633 3329 qui
656 3241 846 3307 amicorum
866 3262 1009 3308 manue
1032 3239 1147 3305 medio
1165 3237 1321 3304 sublatus
1342 3243 1459 3302 111-
1476 3239 1563 3301 Haeo

228 3345 331 3412 facile
355 3368 431 3412 cum
451 3345 648 3413 narratione
677 3346 824 3412 auctoris
848 3347 957 3411 nostri
986 3343 1226 3411 conciliantur.
1245 3347 1329 3409 Nam
1360 3341 1560 3422 Demetrius,

230 3451 292 3519 etsi
311 3459 415 3543 caput
429 3451 613 3519 Alexandri
635 3451 785 3541 primum
801 3451 867 3540 ipsi
882 3453 1023 3518 missum
1039 3451 1115 3532 luit,
1137 3449 1226 3516 illud
1243 3449 1435 3515 Ptolemaeo
1452 3453 1563 3513 trans-

229 3558 331 3626 misit.
1473 3553 1475 3556 ’

274 3671 319 3732 111
331 3664 526 3732 Ptolemaeo
545 3671 665 3733 narrat
682 3665 848 3754 Iosephus
868 3687 875 3732 :
892 3663 929 3730 in
945 3663 1077 3753 proelio
1098 3662 1254 3749 contigit,
1270 3668 1308 3728 ut
1328 3683 1437 3750 equus
1449 3659 1563 3726 Ptole—

228 3772 319 3838 maei
332 3771 466 3840 barritu
482 3771 657 3861 elephanti
671 3771 802 3853 audito,
821 3778 914 3839 metu
925 3774 1152 3838 exterreretur
1167 3774 1199 3836 ct
1214 3769 1446 3835 Ptolemaeum
1462 3766 1563 3833 dorso

229 3901 405 3946 excussum
423 3878 521 3945 humi
539 3877 786 3968 prosterneret,
805 3877 891 3944 adeo
916 3884 954 3944 ut
974 3877 1087 3943 hostes
1102 3875 1218 3942 multis
1237 3874 1343 3965 capiti
1359 3871 1564 3940 vulneribus

230 3985 366 4052 inflictis
384 3987 420 4051 11
441 3984 559 4052 mortis
574 3985 768 4074 periculum
792 4007 870 4053 eum
888 3982 1104 4052 adduxerint.
1122 3987 1207 4050 Nam
1223 3989 1360 4072 ereptus
1380 3979 1520 4048 tandem
1544 4001 1565 4046 a

230 4093 299 4158 suis
313 4100 385 4158 tam
401 4091 491 4157 male
505 4089 667 4174 habehat,
689 4097 727 4157 ut
744 4114 806 4182 per
828 4096 978 4180 quatuor
991 4091 1064 4157 dies
1080 4112 1142 4157 nec
1159 4089 1351 4180 quidquam
1367 4086 1563 4174 intelligere
1626 4079 1630 4088 ’

229 4221 293 4265 111
312 4199 409 4287 loqui
423 4197 590 4288 potuerit3
613 4197 669 4264 die
683 4198 805 4286 quinto
825 4198 918 4265 adse
938 4219 1095 4264 reversus
1115 4219 1193 4264 cum
1209 4196 1337 4284 gaudio
1353 4195 1450 4262 audit
1465 4201 1499 4261 et
1513 4194 1562 4257 vi-

229 4304 287 4370 det
299 4312 403 4395 caput
417 4303 599 4370 Alexandri
614 4325 686 4371 esse
702 4310 918 4394 amputatum
938 4310 971 4370 et
985 4326 1055 4370 non
1070 4303 1180 4371 multo
1196 4308 1273 4392 post
1283 4304 1354 4392 ipse
1370 4302 1476 4368 vitam
1488 4299 1564 4365 fini-

229 4411 277 4477 vit
293 4411 452 4500 (13,t,8).
469 4415 514 4477 De
528 4432 567 4476 eo
587 4409 716 4499 proelio
738 4417 900 4478 11111111
924 4411 998 4478 eius
1018 4409 1121 4476 etism
1143 4408 1341 4475 1111111111
1361 4407 1449 4498 Epit.
1472 4428 1501 4471 c.
1521 4411 1563 4470 52

231 4518 324 4606 apud
345 4516 502 4584 Livium:
520 4517 767 4584 «Ptolemaeus
794 4519 831 4584 in
857 4523 961 4606 caput
979 4515 1134 4602 graviter
1158 4514 1369 4595 vulneratus,
1388 4512 1469 4579 dum
1489 4533 1563 4578 ossa

230 4623 357 4690 medici
374 4624 552 4691 terebrare
572 4622 798 4703 contendunt,
817 4622 1002 4713 exspiravit
1025 4651 1055 4688 ».
1086 4622 1323 4689 Narrationem
1349 4619 1392 4686 de
1418 4618 1564 4714 Alexan-

231 4727 293 4795 dro
315 4733 460 4798 lustinus
485 4731 592 4821 (352)
612 4729 764 4798 breviter
786 4728 983 4820 expedivit:
1006 4755 1023 4791 a
1044 4727 1236 4796 Alexander
1255 4748 1327 4794 non
1346 4724 1474 4793 minori
1492 4726 1560 4792 im-
