3625 5367
723 311 749 368 l.
772 326 864 370 ulcu.
888 301 1029 382 seo-13.
1507 315 1545 374 83

216 471 281 516 reret
291 478 333 515 eos
345 470 408 530 ante
420 463 517 528 faciem
528 470 664 524 nostra-rn‚·
676 477 722 515 cos
734 470 823 514 autem
867 458 926 525 τοὺς
940 458 993 540 πρὸ
1006 457 1144 537 apogniaci
1162 460 1249 533 ἡμῶν·
1270 462 1343 537 ὑμεῖς
1358 459 1385 519 δὲ
1408 461 1444 538 μὴ
1460 462 1544 543 iffi·

215 568 250 605 ne
265 554 410 604 timueritis
425 567 477 602 eos.
864 550 931 618 θῆτε
946 550 993 606 ἀπ’
1007 549 1104 608 αὐτῶν.

251 645 295 698 23.
318 645 349 694 llt
368 643 481 692 cessauit
502 650 590 692 autem
609 641 693 706 loqui,
712 643 822 693 insiluit
909 639 958 698 23.
980 635 1030 702 Ὡς
1049 637 1076 695 δὲ
1100 635 1236 696 ἐπαύσατο
1259 639 1359 711 λαλῶν,
1385 637 1496 712 ἐνήλατο
1511 642 1547 709 εἶς

215 732 426 793 inemeribile,
448 738 471 780 et
491 733 677 782 contritusest
699 735 822 782 Seronet
869 723 962 792 αὐτούς
983 725 1069 804 ἄφνω,
1100 726 1147 784 καί
1175 725 1313 805 συνετρίὸη
1340 726 1435 806 Σήρων
1460 727 1506 787 καὶ
1529 734 1546 802 ἡ

214 823 346 872 exercitus
366 822 424 871 eires
444 821 477 869 in
494 827 633 885 corupectu
654 821 751 886 ipsius.
778 820 821 871 rt.
869 813 1028 892 παριμύολιλ
1053 817 1133 873 αὐτοῦ
1154 813 1265 874 ἐνώπιον
1294 817 1386 876 αὐτοῦ.
1414 819 1463 878 24.
1492 817 1548 878 Kal

215 912 248 961 lit
261 917 415 976 persecutus
426 917 465 960 est
476 922 535 958 eum
547 911 578 959 in
590 911 714 960 descensu
726 911 823 960 Beliso-
868 901 975 962 ἐδίωκον
993 901 1071 961 adsis
1086 904 1112 961 ir
1129 907 1161 982 τῇ
1177 903 1327 963 καταύοίοει
1342 907 1484 986 Βαιθωρῶν
1499 906 1548 975 ἕως

217 1014 266 1050 ron
286 1013 369 1063 usque
388 1000 420 1050 in
437 1012 560 1064 campum
579 1006 602 1048 et
622 999 773 1048 ceciderunt
792 1012 823 1048 en
868 996 913 1049 τοῦ
929 991 1031 1050 πεδίου·
1052 989 1099 1050 καὶ
1117 989 1211 1050 ἔπεσον
1230 991 1275 1052 ἀπ’
1295 996 1382 1052 αὐτῶν
1399 995 1435 1061 εἰς
1453 994 1548 1076 ἄνδρας

211 1090 254 1138 eis
268 1090 415 1153 octingenti
434 1089 503 1149 airi;
522 1087 622 1151 reliqui
638 1096 726 1137 autem
745 1087 823 1152 [aasz
868 1080 1049 1144 ὀκτακοσίους·
1069 1081 1093 1140 oi
1112 1080 1139 1140 il
1158 1080 1245 1138 λοιποί
1262 1079 1357 1162 ἔφυγον
1377 1084 1413 1149 εἷς
1427 1086 1475 1158 γῆν
1490 1085 1548 1142 Φυ-

216 1186 280 1228 runt
295 1178 326 1226 ln
341 1185 442 1228 terrant
454 1177 634 1228 Philistltilm.
652 1176 696 1226 25.
712 1176 745 1226 Et
759 1178 822 1227 ceci·
867 1168 993 1243 λιατιείμ.
1016 1171 1065 1229 25.
1087 1166 1142 1228 Καὶ
1155 1167 1254 1246 ἤρξατο
1273 1169 1379 1248 ὑφόύος
1394 1169 1482 1230 Ἰούδα
1502 1172 1548 1230 καὶ

219 1268 258 1316 dit
273 1267 354 1317 timor
372 1267 454 1316 laudae
474 1281 504 1316 ac
523 1264 642 1329 fratrum
657 1266 715 1315 elus
729 1272 754 1322 et
768 1265 822 1330 for·
868 1259 920 1314 τῶν
941 1257 1059 1337 ἀδελφῶν
1074 1257 1153 1316 αὐτοῦ
1169 1257 1214 1317 καὶ
1234 1261 1250 1328 ἡ
1268 1257 1380 1332 πτόησις
1397 1260 1546 1319 ἐπιπίπτειν

218 1357 289 1406 nido
316 1369 397 1420 super
424 1369 512 1405 omues
537 1363 627 1419 pentes
653 1355 685 1404 in
707 1355 824 1405 circuitu
868 1346 913 1404 tul
927 1345 962 1405 τδ
981 1345 1041 1418 ἔθνη
1059 1344 1094 1405 nd
1114 1346 1203 1426 κύκλῳ
1218 1346 1321 1407 αὐτῶν·
1339 1350 1389 1408 26.
1405 1351 1450 1406 uui
1468 1348 1548 1427 ἤγγι-

218 1458 322 1503 eorum
339 1443 382 1496 λθ.
401 1453 426 1494 et
439 1444 563 1509 pervenit
577 1443 612 1494 ad
627 1457 714 1506 sepem
727 1457 824 1500 nomen
869 1455 913 1493 σιν
934 1433 983 1502 ἕως
1006 1440 1051 1493 τοῦ
1076 1433 1207 1513 βασιλίως
1227 1434 1257 1494 τὸ
1283 1435 1367 1514 ὄνομα
1389 1438 1480 1511 αὐτοῦ,
1501 1437 1548 1496 καὶ

214 1534 272 1584 eius
287 1541 311 1582 et
326 1533 358 1582 de
371 1532 487 1597 praeliis
500 1533 583 1583 iudae
597 1532 752 1584 narrabam
766 1546 824 1582 orn·
868 1522 1009 1601 tuipsius
1042 1521 1215 1601 παρατάξεων
1235 1522 1323 1586 Ἰούδα
1353 1523 1471 1603 ἐξηγεῖτο
1495 1535 1547 1584 πᾶν

215 1627 375 1686 nascentes.
869 1610 951 1678 ἔθνος.
982 1636 984 1642 ’

259 1743 373 1812 Laude
389 1741 492 1810 Iudae
505 1743 646 1832 eiusque
660 1741 778 1810 indole
791 1742 830 1811 in
848 1743 1048 1812 universum
1063 1744 1238 1813 celebrata
1256 1745 1328 1813 iam
1343 1752 1547 1816 enarrantur

217 1849 346 1941 quibus
356 1848 447 1916 illud
464 1847 532 1916 sibi
550 1848 718 1917 meruerit
738 1851 947 1918 encomium.
970 1856 1011 1918 Et
1022 1850 1136 1941 primo
1154 1851 1295 1941 quidem
1321 1852 1465 1920 feliciter
1484 1842 1552 1944 puss

218 1955 340 2043 gnavit
355 1954 706 2045 contraApollonium
718 1978 751 2023 ν.
766 1962 819 2024 10.
833 1957 903 2024 Erit
918 1955 1010 2024 idem
1031 1957 1247 2047 Apollonius,
1269 1959 1396 2048 dequo
1411 1961 1546 2028 ullach.

217 2068 296 2145 set
325 2062 474 2130 refertur
512 2066 547 2129 ei
579 2062 745 2152 qui1,3o
773 2062 934 2153 princeps
968 2064 1179 2133 tributorum
1211 2063 1414 2154 designatur
1446 2073 1479 2134 et
1509 2066 1547 2134 in

217 2169 339 2236 urbem
353 2172 506 2237 sanctam
521 2173 556 2235 et
567 2167 605 2235 in
619 2168 750 2237 incolas
768 2170 951 2254 saevierat3
964 2175 1080 2238 censet
1096 2172 1154 2239 Gr.
1172 2171 1353 2261 probabile
1371 2193 1443 2240 esse
1462 2195 1548 2240 eun·

218 2275 298 2343 dem
318 2275 379 2365 qui
395 2276 536 2342 ruach.
561 2280 631 2358 3‚5.
653 2283 691 2359 '13
709 2280 765 2357 ld*
790 2275 993 2365 Apollonius
1012 2277 1104 2346 filius
1127 2263 1319 2346 Thersaeae
1338 2280 1546 2369 appellatur,

219 2382 303 2448 dum
316 2381 375 2449 alii
392 2403 471 2448 eum
494 2380 680 2471 opinantur
695 2382 914 2471 Apollonium
934 2383 1046 2450 filium
1065 2383 1241 2467 Mnesthei,
1255 2384 1297 2451 de
1317 2407 1387 2475 quo
1407 2388 1544 2454 illach.

217 2494 297 2573 eet
312 2487 439 2576 agitur.
456 2491 541 2555 Eum
554 2493 653 2555 vocal
664 2489 826 2578 Iosephus
839 2499 889 2556 τδν
904 2502 960 2574 τῆξ
974 2493 1151 2578 Σαμαρείας
1162 2497 1328 2579 στρατηγὸν
1343 2492 1435 2582 (lint.
1455 2499 1545 2575 1251,

222 2595 253 2684 l)
269 2616 373 2684 quem
385 2592 525 2662 titulum
544 2598 668 2661 tamen·
683 2617 724 2661 ex
738 2594 804 2661 hoc
819 2600 935 2661 nostro
954 2595 1031 2662 loeo
1045 2595 1224 2682 collegisse
1239 2595 1386 2679 ridetur,
1409 2597 1491 2687 quia
1510 2620 1550 2666 ex

220 2701 376 2770 Samaria
389 2702 505 2791 copias
520 2700 676 2769 adduxit.
694 2704 874 2768 Certamen
893 2700 938 2768 ad
957 2702 1070 2787 legem
1088 2701 1254 2770 tuendam
1270 2723 1290 2770 a
1305 2707 1405 2792 patre
1416 2725 1549 2795 suscep·

218 2814 291 2877 tum
307 2808 401 2897 (W
413 2807 502 2897 seq.)
515 2807 616 2875 ludas
629 2807 760 2874 monita
773 2806 881 2897 patris
896 2806 1076 2875 morientis
1093 2807 1201 2898 (22⁶⁷)
1218 2813 1354 2876 secutus
1372 2811 1550 2900 praeclare

218 2915 403 3004 promovit.
420 2914 621 2982 flathathies
638 2913 851 3001 alienigenas
868 2920 902 2981 et
920 2913 1013 3002 regis
1029 2913 1158 2982 amicos
1176 2914 1215 2982 in
1229 2914 1305 3006 ipsa
1319 2916 1447 2985 iudaea
1458 2919 1550 2986 inco-

218 3022 329 3089 lentes
342 3024 622 3112 oppugnaverat3
637 3020 741 3088 iudae
756 3019 827 3088 iam
840 3020 1068 3111 pugnandum
1091 3026 1166 3089 erat
1179 3029 1301 3091 contra
1320 3022 1406 3091 helli
1425 3025 1550 3094 ducem

220 3128 280 3217 qui
295 3126 340 3196 ab
353 3132 492 3196 externa
511 3127 654 3215 regione
669 3127 855 3195 exercitum
878 3125 918 3194 in
937 3127 1100 3195 iudaeam
1121 3128 1218 3195 duxit
1238 3129 1428 3198 adsueram
1452 3129 1551 3200 illam

219 3233 453 3301 defensionem
467 3233 730 3324 opprimendam
752 3239 786 3300 et
806 3233 853 3300 ad
876 3232 1041 3314 mandata
1063 3233 1158 3320 regis
1172 3236 1400 3324 exsequenda.
1418 3236 1551 3304 Primus

220 3361 300 3407 cum
323 3339 439 3408 hostili
466 3339 616 3409 exercitu
644 3339 802 3429 (numero
831 3338 949 3429 copias
979 3338 1085 3407 Iudae
1118 3339 1318 3430 superante)
1347 3362 1552 3428 congressus

220 3445 319 3515 cessit
340 3446 497 3515 feliciter.
513 3452 604 3514 luter
624 3445 752 3513 occisos
771 3444 810 3512 in
832 3466 954 3535 pugna
980 3444 1052 3535 ipse
1076 3445 1276 3536 Apollonius
1299 3447 1458 3516 inventus
1479 3455 1549 3533 est;

220 3555 389 3624 ἀπέκτεινεν
406 3559 504 3635 aicta,
523 3575 609 3623 num
623 3553 696 3643 ipse
709 3550 809 3620 ludas
831 3573 911 3620 eum
928 3551 1073 3618 occidit?
1088 3574 1157 3618 uon
1177 3553 1371 3622 necessario
1388 3555 1425 3622 id
1438 3556 1551 3624 innui·

219 3664 292 3744 tur;
308 3682 391 3728 nam
405 3682 495 3750 quae
509 3657 720 3749 praecedunt
739 3681 747 3728 :
769 3657 874 3725 ludas
887 3659 949 3725 init
970 3657 1103 3726 obviarn
1115 3657 1171 3724 illi
1187 3671 1220 3725 et
1239 3661 1408 3750 percussit
1422 3684 1493 3730 non
1508 3662 1551 3731 de

222 3765 296 3856 ipso
314 3766 388 3834 solo
406 3765 502 3847 luda,
518 3766 578 3833 sed
597 3765 641 3833 de
657 3764 765 3854 copiis
786 3764 873 3833 duce
898 3764 983 3832 luda
1000 3764 1262 3852 intelliguntur;
1277 3768 1370 3835 unde
1386 3767 1480 3836 idem
1499 3769 1552 3836 di-

220 3872 366 3940 cendum
381 3872 426 3940 de
446 3872 552 3940 verbo
568 3872 687 3955 terti03
706 3881 885 3961 τραυματίαι
900 3872 944 3938 cf.
971 3877 1067 3954 1‚19;
1087 3871 1180 3938 idem
1198 3871 1305 3941 hahes
1323 3873 1361 3940 in
1377 3873 1522 3943 lectione
1542 3897 1550 3945 ε

223 3983 257 4045 et
270 3980 403 4068 accepit
417 3987 508 4048 ἕλαεε
527 3978 640 4069 spolia
664 3980 817 4066 (ἔλαδονὸ
831 4001 847 4045 s
862 3982 888 4045 Α
904 4000 926 4046 ει
948 3984 1002 4044 19.
1019 3978 1075 4068 56)
1092 3978 1206 4068 etubi
1222 3979 1265 4048 de
1280 3980 1365 4048 luda
1384 3981 1553 4069 singulari

219 4084 352 4153 ratione
366 4086 525 4170 refertur,
543 4085 650 4154 habes
674 4085 749 4154 eius
771 4105 900 4155 nomen
914 4083 1133 4175 appositum:
1152 4097 1184 4153 et
1199 4085 1359 4178 placitum
1377 4089 1553 4180 ,elpollonii

220 4191 361 4259 adstulit
384 4191 503 4273 ludas;
516 4213 595 4259 eum
609 4198 786 4281 tamquam
801 4197 984 4283 tropaeum
999 4193 1107 4279 gessit
1117 4199 1152 4260 et
1165 4193 1315 4262 faustum
1332 4197 1552 4286 praesagium

219 4299 382 4366 victoriae
398 4320 637 4388 successusque
657 4297 774 4366 felicis.

261 4405 407 4472 Victoria
427 4405 513 4472 haec
528 4405 671 4474 minime
685 4405 840 4472 reddidit
853 4405 973 4472 ludam
997 4427 1168 4474 securum.
1186 4411 1276 4474 Bene
1296 4407 1468 4497 perspexit
1486 4408 1553 4476 sibi
1618 4459 1621 4466 -

219 4511 400 4597 agendum.
410 4533 481 4578 esse
495 4511 574 4578 cum
588 4512 682 4578 hoste
698 4516 840 4601 potente
854 4534 894 4578 ac
909 4512 1120 4579 contumaci.
1139 4517 1249 4590 Quare
1266 4513 1408 4580 sollicite
1422 4513 1553 4582 curavit

218 4622 256 4684 ut
270 4617 385 4708 copias
397 4639 475 4684 suas
495 4625 636 4704 augeret
652 4621 686 4684 et
700 4618 880 4685 ecclesiam
894 4622 1155 4698 niaeov,coetum
1171 4616 1325 4683 fidelium
1345 4619 1552 4689 ludaeorum

220 4745 337 4793 secum
354 4724 498 4792 haberet
513 4724 574 4815 qui
587 4723 633 4792 ad
654 4723 856 4791 bellandum
880 4732 994 4838 essent
1015 4723 1165 4814 expediti
1181 4745 1215 4791 ν.
1240 4730 1280 4791 13
1304 4724 1454 4814 (graece,
1477 4731 1549 4816 Ss).
