3625 5367
702 278 730 334 ⁹2.
755 292 848 336 naeu.
871 232 1032 348 isac-30.
1056 314 1062 323 -
1477 279 1536 336 423

111 492 114 497 .
201 448 354 507 uxorem,
367 430 555 510 εὐστάθησεν,
571 424 718 492 feliciter
729 425 879 508 vivebat,
894 429 1070 509 ἐκοινώνησε
1087 434 1151 508 βίου
1167 425 1339 515 particeps
1351 425 1416 493 luit
1431 426 1532 507 vitae,

200 532 380 600 fruebatur
399 531 648 621 tranquillitate
664 554 704 599 ac
721 530 854 599 deliciis
872 531 975 599 vitae.

245 638 344 706 initio
369 639 487 728 itaque
518 638 665 705 Nicanor
693 637 912 706 familiariter
937 660 1016 706 cum
1050 638 1134 710 luda
1163 644 1383 705 conversatus
1413 644 1537 706 cuncta

199 744 341 835 pacifice
360 766 569 836 componere
592 744 733 812 studuit.
751 750 874 812 Verum
900 766 978 812 mox
1000 750 1144 836 propter
1167 743 1335 811 malitiam
1359 742 1483 812 alcimi
1503 750 1537 813 et

199 874 289 919 nova
318 851 410 941 regis
443 850 604 919 mandata
631 856 780 919 mentem
805 853 964 918 mutavit.
993 858 1038 917 De
1065 850 1185 941 priore
1209 850 1272 917 illa
1300 849 1537 918 familiaritate

198 962 332 1048 tacetur
349 964 364 1024 1
382 958 487 1025 flach.
506 966 542 1041 73
566 958 616 1025 ibi
637 960 730 1027 enim
747 979 810 1025 av.
830 964 873 1024 27
890 958 1038 1025 Nicanor
1055 960 1128 1025 iam
1144 957 1306 1024 inimicus
1318 956 1534 1024 describitur.

198 1064 263 1131 Sed
278 1069 464 1154 propterea
483 1087 551 1132 non
571 1071 619 1131 est
638 1064 752 1132 statim
771 1065 1002 1153 arguendum,
1021 1065 1112 1132 hauc
1132 1068 1285 1131 nostram
1304 1064 1537 1131 narrationem

200 1193 270 1238 esse
286 1172 478 1239 confictam.
496 1176 580 1239 Nam
596 1173 685 1239 bene
700 1171 789 1238 ratio
806 1170 973 1251 redditur,
989 1192 1052 1238 cur
1066 1169 1217 1237 voluerit
1230 1170 1376 1237 Nicanor
1392 1169 1535 1260 pacifice

199 1300 301 1365 agere
318 1302 349 1345 v.
375 1284 428 1358 18,
451 1284 485 1345 11
503 1300 611 1369 parva
629 1278 690 1345 illa
710 1277 857 1345 Simonis
879 1277 1005 1360 clades,
1027 1277 1134 1344 etiam
1154 1280 1241 1343 teste
1261 1277 1334 1359 Gr,
1353 1282 1445 1343 certe
1465 1297 1535 1343 non

199 1390 249 1451 est
262 1384 458 1472 excogitata
473 1386 517 1452 ab
531 1389 683 1453 auctore.
699 1387 792 1452 Sicut
807 1384 925 1474 itaque
938 1384 975 1451 iu
989 1384 1055 1451 hac
1070 1389 1168 1473 parte
1183 1384 1364 1475 suppletur
1377 1382 1534 1450 narratio

198 1490 323 1581 prioris
341 1489 437 1575 libri,
457 1492 508 1559 ita
522 1491 612 1559 hanc
631 1492 867 1559 narrationem
884 1490 968 1557 libri
987 1490 1129 1560 secundi
1147 1494 1281 1581 oportet
1301 1490 1475 1578 complere
1494 1510 1534 1556 ex

198 1596 312 1685 priore
329 1597 419 1665 libro
432 1621 463 1663 v.
483 1620 517 1685 g.
534 1620 651 1688 pugna
665 1598 726 1666 illa
741 1598 785 1665 ad
801 1598 1068 1686 capharsalama
1085 1599 1174 1664 facta
1192 1596 1223 1687 (1
1242 1596 1347 1663 llach.
1364 1595 1472 1682 7,31).
1489 1599 1534 1661 Ex

199 1726 231 1769 v.
250 1709 290 1770 18
304 1704 408 1772 simul
420 1706 575 1773 cernitur
590 1704 692 1787 ratic,
707 1726 769 1772 cur
781 1704 928 1771 Nicanor
938 1704 1107 1771 mandata·
1117 1703 1209 1791 regis
1221 1708 1381 1805 accurate
1394 1702 1533 1791 exsequi

197 1809 326 1878 veritus
350 1811 596 1878 subiectionem
621 1810 830 1878 ludaeorum
851 1811 954 1878 modo
980 1810 1123 1901 pacifico
1147 1809 1303 1876 obtinere
1328 1813 1530 1876 tentaverat.

198 1916 293 1983 Unde
312 1917 472 2003 singulae
487 1913 604 2006 partes
619 1917 826 1985 narrationis
841 1919 928 1985 bene
943 1919 1034 1985 inter
1053 1940 1088 1983 se
1103 1916 1300 1984 cohaerent.

243 2022 364 2090 Alcimi
378 2022 575 2109 indignatio
594 2045 634 2089 ex
649 2044 689 2089 eo
710 2023 958 2105 inflammatur,
976 2023 1059 2112 quia
1074 2024 1147 2091 eius
1165 2022 1322 2102 consilia,
1340 2021 1534 2111 approbata

198 2127 301 2213 regiis
316 2127 359 2195 ad
375 2128 578 2195 Nicanorem
594 2127 776 2210 mandatis,
794 2129 937 2196 minime
953 2152 974 2195 a
988 2129 1153 2195 Nicanore
1168 2128 1302 2218 inopus
1317 2127 1535 2194 deducuntur

198 2258 229 2301 v.
260 2241 314 2303 26.
341 2239 425 2301 Cum
449 2236 566 2323 itaque
595 2233 726 2300 videret
752 2240 907 2301 mutuam
931 2234 1022 2301 inter
1050 2233 1172 2299 ambos
1195 2232 1476 2299 benevolentiam
1501 2238 1535 2299 et

196 2340 321 2408 foedus
334 2341 472 2421 initum,
486 2362 557 2407 sese
573 2339 698 2407 iterum
714 2340 861 2407 contulit
874 2339 919 2406 ad
934 2360 1051 2426 regem
1070 2340 1169 2428 eique
1185 2340 1320 2427 aperuit
1333 2337 1533 2406 Nicanorem

198 2447 405 2533 excogitare,
422 2446 537 2514 moliri
551 2469 639 2536 quae
658 2446 771 2514 aliena
787 2452 930 2513 essenta
947 2445 1047 2533 regni
1061 2445 1227 2532 negotiis3
1246 2446 1400 2514 ἀναλαόὼν
1417 2466 1533 2513 secum

198 2554 344 2643 sumpsit
358 2554 478 2622 foedus
492 2554 706 2636 conclusum,
724 2554 747 2619 i.
766 2575 796 2622 e.
815 2553 989 2641 exemplar
1002 2551 1164 2633 foederis,
1180 2557 1218 2619 ut
1232 2552 1385 2643 illoregi
1401 2557 1534 2618 ostenso

198 2661 449 2727 accusationem
473 2682 572 2728 suam
600 2660 769 2741 firmaret;
789 2660 871 2745 vulg
895 2657 1041 2726 verbum
1071 2658 1202 2743 omisit,
1224 2658 1313 2725 sicut
1335 2662 1355 2724 S
1377 2678 1530 2748 quoque3

198 2766 305 2833 immo
324 2766 437 2856 ipsum
457 2766 556 2853 regni
576 2766 826 2850 insidiatorem,
845 2764 976 2847 ludam,
1001 2765 1044 2832 ab
1066 2788 1108 2833 eo
1131 2765 1351 2853 designatum
1370 2785 1441 2831 esse
1456 2784 1533 2832 suc-

198 2895 369 2940 cessorem
388 2894 499 2955 suum,
522 2893 750 2940 successorem
769 2872 843 2939 scil.
861 2871 984 2939 Alcimi
1002 2872 1040 2937 in
1060 2870 1264 2939 sacerdotio.
1281 2872 1427 2938 Nicanor
1445 2870 1532 2937 nihil

195 2978 234 3046 in
250 2979 353 3047 rebus
372 2979 577 3047 ludaeorum
597 2978 742 3046 internis
759 2984 792 3045 et
811 2978 916 3045 sacris
931 2978 1097 3056 mutavit3
1120 3000 1227 3069 quare
1242 2981 1345 3045 etiam
1362 2978 1532 3044 Alcimum

197 3108 267 3154 non
297 3087 473 3154 constituit
498 3086 717 3177 pontificem;
747 3108 828 3153 nam
852 3084 957 3152 talem
982 3084 1180 3175 pontificem
1207 3084 1306 3152 ludas
1329 3085 1533 3174 neutiquam

197 3192 399 3261 admisisset.
421 3192 571 3259 Alcimus
586 3192 700 3257 denuo
715 3190 845 3257 bonum
863 3195 984 3256 nactus
1002 3197 1052 3256 est
1071 3210 1266 3257 successum
1282 3190 1377 3277 apud
1393 3210 1530 3277 regem,

197 3321 279 3367 nam
289 3299 355 3365 viri
364 3298 467 3365 huius
479 3296 757 3364 facinorosissimi
769 3306 967 3384 παμπονήρου
983 3303 1135 3377 &cataleta
1149 3294 1331 3361 calumniis
1343 3294 1530 3378 lacessitus,

197 3406 351 3473 irritatus
375 3426 434 3471 rex
460 3404 594 3494 scripsit
619 3402 777 3470 Nicanori
804 3423 839 3468 se
865 3423 970 3489 aegre
998 3402 1088 3469 serre
1113 3402 1235 3469 foedus
1261 3402 1471 3484 conclusum,
1499 3407 1534 3468 et

196 3514 397 3602 praecipere
422 3517 460 3578 ut
485 3509 727 3577 Machabaeum
758 3508 910 3575 vinctum
939 3508 1007 3575 cito
1032 3508 1184 3576 mitteret
1210 3508 1439 3577 Antiochiam.
1466 3513 1534 3576 lloc

198 3618 318 3686 nuntio
334 3616 1075 3707 Ν1111111ο1111111111111111111,συνεκέχ11111.
1091 3621 1205 3698 1333,
1221 3619 1455 3683 consternatus
1471 3620 1532 3697 est,

199 3730 232 3791 et
246 3746 349 3811 aegre
358 3723 504 3806 ferebat,
520 3744 599 3790 cum
615 3723 715 3790 ludas
726 3722 763 3789 in
779 3721 877 3790 nulla
893 3743 929 3788 re
945 3720 1138 3812 quidquam
1152 3720 1361 3810 deliquisset,
1374 3722 1403 3789 si
1414 3723 1535 3789 foedus

198 3829 399 3898 conclusum
421 3830 638 3909 dissolveret,
663 3834 686 3898 εἰ
705 3829 847 3919 ponitur
860 3852 925 3919 pro
947 3835 992 3897 ’ὁτι
1011 3833 1046 3895 et
1066 3827 1264 3896 declaratur
1284 3832 1307 3896 εἰ
1331 3828 1414 3919 quia
1434 3830 1534 3896 initio

198 3937 345 4005 Nicanor
357 3937 562 4005 exhibeatur
577 3935 715 4018 dubius,
728 3935 938 4019 deliberans,
953 3941 1069 4003 utrum
1083 3935 1327 4004 (1111111111111
1337 3944 1533 4020 διεσταλμένα

198 4044 358 4111 conclusa
380 4066 486 4111 necne
508 4043 565 4133 (cf.
593 4044 650 4111 Gr.
675 4045 748 4130 K.).
775 4047 910 4127 Verum,
932 4042 960 4109 si
982 4050 1145 4132 quaerat
1167 4042 1358 4124 haesitatio,
1379 4065 1448 4109 non
1471 4041 1532 4111 diu

197 4150 401 4241 permansit3
425 4172 506 4217 nam
528 4156 581 4218 ota
604 4156 651 4234 ἦν,
678 4150 754 4217 tieri
776 4173 844 4217 non
870 4150 982 4240 potuit
1006 4154 1043 4217 ut
1066 4151 1142 4237 regi
1166 4150 1397 4232 obniteretur3
1423 4172 1531 4239 quare

199 4257 493 4347 opportunitatem
516 4256 714 4324 attendebat
743 4278 815 4323 rem
839 4257 936 4335 dolo,
964 4261 1221 4346 stratagemate,
1245 4256 1450 4347 perficiendi
1470 4258 1527 4345 (cf.

200 4370 215 4430 1
233 4364 337 4431 flach.
355 4364 517 4448 7‚27-29).
533 4362 634 4430 ludas
652 4368 766 4431 autem
783 4384 888 4453 quam
906 4366 1058 4453 primum
1074 4363 1222 4431 advertit
1236 4363 1438 4431 Nicanorem
1458 4384 1530 4430 non

197 4469 267 4535 iam
281 4468 332 4535 uti
343 4476 505 4537 consueta
521 4472 693 4553 comitate,
710 4492 828 4537 verum
843 4492 928 4560 prae
943 4492 978 4537 se
991 4471 1082 4537 ferre
1097 4492 1161 4560 pro
1176 4469 1277 4536 solita
1289 4469 1529 4537 benevolentia

197 4574 352 4643 animum
380 4576 564 4663 frigidum,
603 4579 717 4645 statim
748 4576 915 4644 intellexit
945 4578 1042 4644 illam
1075 4577 1309 4645 austeritatem
1343 4577 1426 4643 mali
1458 4598 1530 4645 esse

199 4682 353 4771 augurii3
377 4705 484 4773 quare
500 4684 650 4752 collectis
668 4705 740 4751 non
759 4683 876 4774 paucis
895 4706 1034 4753 suorum
1055 4705 1090 4751 se
1110 4683 1289 4751 abscondit
1308 4706 1329 4750 a
1347 4684 1527 4766 Nicanore3
