3625 5367
290 348 348 408 162
800 347 828 403 l.
852 361 944 406 usca.
969 346 1108 417 {tlt-18.

287 519 395 588 parva
415 517 536 563 manus
554 495 658 562 ludae
680 495 846 562 audacter
868 517 904 562 se
926 501 1065 585 paratos
1084 495 1129 562 ad
1149 493 1380 584 pugnandum
1400 515 1471 562 esse
1491 495 1621 582 signifi-

286 609 366 671 cant
386 603 522 670 fortiter
547 601 640 669 tubis
665 608 842 683 canentes,
866 603 913 669 ita
935 607 973 669 ut
998 609 1093 669 terra
1117 601 1233 670 sonitu
1254 601 1431 690 utriusque
1452 601 1621 670 exercitus

289 731 451 800 percussa
465 709 564 799 quasi
577 706 712 774 concuti
732 707 909 776 videretur
923 703 955 775 u.
972 715 1030 790 13;
1048 730 1166 798 pugna
1181 709 1272 774 inter
1292 729 1350 774 eos
1374 709 1555 775 commissa
1571 714 1622 775 est

291 839 356 906 per
369 820 479 883 totum
495 815 598 883 diem.
1069 900 1073 911 ·

335 927 458 989 Verum
473 920 577 989 simul
595 945 635 990 ac
653 923 755 991 ludas
777 921 937 1004 advertit,
955 915 1157 989 Bacchidem
1178 929 1213 990 et
1233 922 1341 989 robur
1360 921 1529 988 exercitus
1548 937 1619 989 esse

287 1029 325 1096 in
344 1028 481 1096 dextero
495 1051 613 1111 cornu,
631 1031 704 1118 ipse
721 1031 757 1096 et
771 1027 981 1117 quicumque
997 1033 1096 1096 erant
1116 1030 1241 1097 animis
1263 1027 1439 1096 alacribus
1459 1049 1498 1095 ae
1516 1049 1621 1121 gene-

289 1136 374 1202 rosis
389 1135 485 1203 omni
499 1138 532 1201 vi
545 1135 582 1202 in
596 1134 685 1203 illud
699 1137 867 1225 impetum
883 1133 1042 1202 feceruut
1060 1157 1090 1202 v.
1109 1141 1166 1218 1t3
1186 1141 1289 1225 atque
1305 1134 1396 1202 lelici
1411 1141 1535 1202 conatu
1554 1157 1619 1224 pu-

288 1248 458 1330 gnarunt,
476 1264 556 1310 nam
569 1266 602 1312 v.
622 1251 663 1311 15
681 1242 865 1310 contritum
880 1247 931 1307 est
946 1241 1121 1308 dexterum
1138 1264 1245 1310 cornu
1259 1241 1305 1308 ab
1320 1243 1380 1324 cis,
1402 1248 1435 1308 et
1450 1241 1620 1328 fugientes

289 1349 458 1438 persecuti
470 1357 551 1417 sunt
563 1371 671 1438 usque
683 1347 727 1415 ad
740 1353 891 1414 montem
911 1350 1017 1414 Azoti.
1033 1349 1142 1416 Lectio
1156 1350 1252 1417 Azoti
1267 1347 1493 1415 confirmatur
1508 1371 1570 1438 per
1583 1355 1617 1429 S,

289 1475 321 1534 s3
343 1455 504 1546 Iosephus
524 1455 667 1546 praebet
685 1465 791 1544 μέχρις
817 1454 892 1534 Ἀζᾶ
913 1461 999 1543 ὅρους
1022 1462 1097 1523 οὕτω
1118 1464 1296 1543 λεγομένου,
1319 1455 1379 1544 qui
1402 1476 1500 1521 mons
1519 1455 1620 1544 plane

290 1561 428 1648 ignotus
451 1567 513 1630 est.
539 1563 605 1628 Alii
627 1560 828 1650 (Michaelis,
856 1561 914 1628 cui
937 1561 1047 1646 Hitzig
1072 1561 1316 1652 adstipulatur)
1339 1563 1561 1629 coniecerunt
1582 1563 1619 1628 in

289 1673 381 1735 textu
395 1669 559 1756 originali
576 1667 726 1736 hebraeo
741 1667 845 1734 luisse
863 1669 1030 1758 scriptum
1046 1683 1108 1734 iun
1124 1682 1233 1732 ninus
1250 1690 1358 1757 usque
1375 1668 1419 1735 ad
1436 1668 1619 1736 descensus

290 1776 416 1842 montis
440 1776 526 1866 (scil.
554 1775 615 1843 ubi
635 1781 800 1862 Syrorum
828 1780 940 1842 castra
967 1775 1097 1858 erant),
1123 1774 1204 1842 inde
1234 1775 1393 1843 mendose
1420 1790 1524 1841 unus
1549 1797 1619 1842 esse

289 1887 456 1950 exortum.
479 1886 563 1949 Cum
578 1883 782 1963 nesciamus,
801 1880 863 1948 ubi
878 1880 1050 1971 proelium
1063 1881 1283 1949 commissum
1297 1883 1351 1966 sit,
1370 1882 1477 1949 victos
1491 1881 1619 1969 fugisse

288 2009 397 2076 usque
417 1989 462 2055 ad
477 1988 641 2055 ditionem
658 1987 754 2055 urbis
769 1987 1060 2054 Philisthaeorum
1076 1987 1220 2056 minime
1237 1987 1305 2056 dici
1317 1994 1431 2078 potest
1444 1989 1618 2079 improba-

288 2093 371 2162 bile.
399 2100 445 2162 nx
471 2093 628 2161 locorum
659 2092 918 2184 opportunitate
946 2115 1017 2181 qua
1049 2092 1166 2162 ludaei
1197 2116 1280 2185 prae
1310 2093 1403 2182 Syris
1433 2094 1619 2163 utebantur

203 2241 209 2248 ·
285 2200 389 2268 etiam
402 2201 592 2291 explicatur
606 2200 781 2289 quomodo
796 2221 935 2266 amane
951 2220 1060 2288 usque
1075 2199 1119 2266 ad
1134 2221 1311 2291 vesperam
1329 2221 1486 2292 pugnare
1496 2206 1618 2292 potue-

289 2307 360 2374 rint
371 2309 420 2375 ita
436 2316 476 2377 ut
491 2308 634 2375 amulio
649 2305 943 2374 maiorehostium
958 2327 1105 2374 numero
1117 2329 1189 2375 non
1203 2309 1306 2398 plane
1325 2308 1614 2399 opprimerentur.
1675 2341 1677 2346 ·

288 2418 488 2491 curantem
508 2436 614 2482 cornu
636 2413 810 2481 sinistrum
831 2435 902 2479 non
924 2435 1027 2502 opem
1050 2414 1170 2481 tulerit
1192 2414 1314 2482 cornui
1335 2415 1474 2482 dextero
1494 2438 1514 2482 a
1533 2415 1618 2482 luda

287 2520 504 2610 impugnato,
521 2519 711 2587 declarabis
726 2519 782 2585 vel
795 2542 835 2587 ex
845 2519 1002 2586 locorum
1019 2519 1243 2611 dispositione
1255 2521 1357 2589 nobis
1370 2521 1487 2609 ignota
1506 2523 1560 2588 vel
1577 2544 1617 2588 ex

287 2627 535 2716 impedimento
548 2647 687 2716 pugnae
700 2625 794 2715 quod
811 2625 933 2693 cornui
947 2625 1085 2693 sinistro
1100 2627 1145 2694 ab
1167 2629 1333 2696 lonathan
1350 2634 1384 2696 et
1399 2628 1538 2696 Simone
1557 2651 1617 2718 op·

286 2733 491 2824 ponebatur.
506 2732 609 2800 Aliud
624 2753 763 2823 quoque
783 2735 931 2823 supponi
950 2738 1077 2823 potest3
1095 2756 1171 2801 cum
1186 2735 1279 2801 enim
1295 2735 1482 2802 bacchides
1499 2735 1616 2802 adver-

288 2843 374 2906 teret
394 2861 577 2906 numerum
598 2839 802 2907 ludaeorum
819 2848 888 2907 tam
911 2860 1070 2928 parvum,
1094 2841 1240 2908 alterum
1262 2842 1467 2909 ludaeorum
1489 2841 1616 2909 exerci-

205 2949 210 2954 ’
285 2950 360 3011 tum
372 2945 466 3012 haud
479 2945 581 3032 longe
596 2945 713 3012 abesse
729 2945 851 3012 merito
866 2946 1034 3034 suspicari
1046 2950 1198 3035 poterat3
1214 2947 1271 3014 cui
1282 2949 1400 3037 itaque
1415 2947 1616 3039 excipiendo

284 3057 388 3141 atque
405 3050 645 3141 oppugnando
661 3051 833 3118 sinistrum
847 3072 955 3117 cornu
970 3057 1130 3140 paratum
1151 3074 1290 3120 manere
1305 3053 1425 3122 voluit.

330 3159 396 3226 Sed
415 3158 562 3226 simulac
584 3158 637 3224 illi
657 3158 835 3224 dexterum
860 3179 969 3224 cornu
987 3159 1209 3248 profligatum
1228 3160 1393 3228 viderunt
1417 3167 1450 3227 et
1474 3161 1617 3228 ludaeos

285 3265 445 3332 alacriter
463 3271 716 3354 persequentes,
734 3269 978 3331 converterunt
994 3286 1029 3330 se
1053 3271 1235 3354 ἐπέστρεψαν
1256 3271 1330 3336 κατὰ
1350 3274 1442 3348 πόδας
1458 3273 1491 3334 et
1513 3267 1615 3334 vesti-

285 3372 352 3460 giis
378 3371 482 3438 ludac
505 3379 540 3438 et
562 3373 733 3438 sociorum
752 3371 826 3438 eius
846 3393 952 3460 quam
979 3372 1134 3461 proxime
1158 3371 1356 3441 institerunt
1379 3397 1411 3441 v.
1438 3380 1499 3455 16;
1524 3373 1616 3441 unde

287 3502 318 3545 v.
340 3484 381 3544 17
396 3478 616 3567 inprecatam
630 3492 679 3545 est
687 3477 858 3568 proelium
882 3486 917 3544 et
938 3501 978 3544 ex
995 3483 1141 3568 utraque
1162 3487 1258 3568 parte
1276 3480 1373 3546 multi
1394 3486 1473 3547 sunt
1495 3480 1613 3562 occisi;

285 3583 329 3651 de
350 3584 455 3652 modo
475 3584 640 3652 narrandi
659 3585 702 3652 cf.
731 3591 828 3666 1,19;
853 3589 933 3650 Lxx
955 3590 971 3649 1
993 3592 1070 3654 Par.
1092 3591 1181 3668 10,3.
1202 3585 1221 3648 (ἐ
1241 3592 1279 3653 ln
1299 3586 1365 3653 hac
1381 3607 1499 3678 pugna
1518 3608 1616 3653 error

285 3693 486 3759 commissus
504 3697 554 3759 est
576 3691 670 3780 quod
688 3692 791 3758 ceteri
812 3691 940 3757 milites
961 3691 1065 3758 ludae
1087 3713 1157 3758 non
1176 3695 1455 3782 seopposuerint
1477 3693 1615 3761 sinistro

285 3799 404 3866 cornui
417 3799 572 3888 illudque
584 3798 788 3888 proeliando
797 3799 851 3865 vel
864 3797 978 3886 potius
992 3797 1163 3887 proelium
1179 3799 1378 3867 simulando
1391 3799 1614 3867 distinuerint

285 3929 327 3972 ne
342 3905 461 3973 ludam
475 3911 508 3972 et
523 3909 654 3972 ceteros
670 3928 691 3970 a
705 3910 803 3991 tergo
820 3909 1022 3992 sequeretur
1037 3909 1070 3971 et
1090 3905 1277 3972 caederet»
1302 3907 1428 3998 (Lep).
1447 3911 1484 3973 ln
1501 3927 1542 3973 eo
1560 3908 1575 3973 f
1598 3943 1613 3956 ·

284 4011 453 4098 gientium
466 4034 507 4077 ac
523 4013 802 4100 persequentium
823 4009 974 4077 tumultu
992 4011 1094 4078 etiam
1108 4033 1141 4078 v.
1161 4017 1204 4079 18·
1220 4011 1322 4078 leodos
1335 4013 1461 4080 cecidit
1473 4018 1507 4079 et
1526 4012 1614 4080 duce

281 4117 487 4206 interempto
507 4117 632 4205 reliqui
655 4117 877 4201 aulugerunt.
900 4121 1028 4184 Auctor
1050 4139 1147 4185 sacer
1170 4119 1430 4187 lamentabilem
1451 4125 1612 4188 eremum
1667 4128 1675 4144 ·

282 4244 387 4313 quam
410 4221 614 4310 brevissime
635 4228 765 4289 narrat.
791 4224 954 4311 Iosephus
977 4246 1051 4290 rem
1073 4230 1216 4292 exornat
1250 4245 1257 4292 :
1286 4226 1405 4294 ludam
1421 4231 1613 4316 ¹sequentes

280 4329 526 4398 circumierunt
547 4335 650 4418 atque
669 4329 707 4395 in
729 4335 866 4415 tergum
885 4331 1043 4398 conversi
1062 4329 1175 4421 ipsum
1195 4331 1229 4398 in
1253 4333 1367 4400 medio
1384 4333 1611 4422 comprehen-

280 4439 377 4505 dunt.
396 4438 455 4504 llle
470 4459 565 4521 vero,
584 4448 662 4504 cum
682 4435 780 4503 nulla
797 4436 987 4523 effugiendi
1007 4437 1062 4504 via
1082 4437 1232 4520 daretur,
1249 4440 1308 4506 sed
1333 4439 1484 4529 undique
1505 4441 1611 4507 hosti-

234 4627 239 4636 1
281 4545 348 4612 bus
367 4553 484 4635 septus
508 4548 605 4622 esset,
633 4544 787 4610 constitit
810 4565 889 4611 cum
915 4544 984 4611 suis
1011 4550 1044 4610 et
1069 4550 1207 4612 strenue
1239 4547 1431 4635 pugnabat.
1459 4550 1611 4637 Cumque

282 4655 407 4720 multos
425 4650 700 4720 adversariorum
722 4651 864 4718 fudisset
888 4659 993 4739 atque
1014 4650 1130 4718 labore
1151 4658 1184 4719 et
1202 4645 1405 4720 vulneribus
1432 4655 1609 4721 conficere·

282 4763 350 4839 tur,
365 4757 439 4847 ipse
458 4759 560 4826 etiam
581 4757 704 4825 cecidit
724 4757 948 4847 animamque
971 4758 1111 4840 elflavit,
1127 4781 1198 4826 non
1222 4761 1334 4827 minus
1356 4783 1395 4828 ex
1416 4761 1519 4830 rebus
1538 4760 1609 4830 iam
