3625 5367
744 329 773 387 l.
797 345 887 388 utcu.
912 329 1014 398 tant.
1473 332 1531 391 953

201 477 467 559 Halicarnassus,
485 479 612 546 Cnidus
627 480 677 567 tin
692 478 817 563 Caria),
836 476 973 565 Sicyon,
993 477 1083 557 Side,
1104 477 1264 558 Phaselis,
1284 478 1430 560 AraduS,
1451 483 1531 545 Gor·

199 589 294 671 tyna,
315 587 455 670 Cyrene.

244 694 314 758 Hoc
343 691 673 758 senatusconsultum
704 691 854 758 refertur
882 714 902 758 a
929 692 1072 781 losepho
1107 691 1182 758 loco
1215 690 1328 757 alieno
1360 691 1397 757 in
1431 691 1533 758 rebus

199 798 303 884 gestis
322 797 469 884 Hyrcani
489 802 514 864 ll
536 802 627 887 (Ant.
647 798 794 885 1t,8,5);
810 798 967 865 nominat
986 803 1184 888 praetorem
1205 798 1377 865 urbanum
1393 800 1531 865 Lucium

201 902 373 970 Valerium
387 904 480 970 Lucii
494 904 617 984 filium,
636 906 695 993 qui
714 927 804 971 anno
822 911 886 972 615
901 929 934 972 u.
952 928 980 971 c.
999 907 1021 971 i.
1040 928 1069 971 e.
1092 911 1153 971 139
1166 911 1245 972 ante
1259 906 1318 972 Ch.
1334 927 1374 971 eo
1390 926 1532 972 munere

200 1010 337 1076 iunctus
365 1014 472 1077 estet
499 1012 555 1076 cui
584 1010 712 1097 obtigit
735 1011 935 1077 consulibus
960 1012 1137 1101 impeditis
1158 1012 1290 1097 legatos
1312 1011 1348 1077 in
1377 1017 1531 1078 senatum

199 1116 430 1183 introducere.
453 1121 595 1204 Legatos
612 1117 769 1183 nominat
787 1117 1020 1185 Alexandrum
1040 1116 1151 1184 lilium
1169 1118 1309 1198 Iasonis,
1327 1117 1532 1183 Numenium

199 1221 312 1290 filium
337 1223 495 1290 Antiochi
517 1229 552 1290 et
573 1223 804 1292 Alexandrum
826 1224 937 1290 filium
960 1225 1131 1291 Dorothei.
1155 1228 1237 1291 Cum
1259 1222 1413 1291 nominet
1435 1246 1532 1313 prae-

200 1334 310 1395 torem
338 1352 416 1396 eum
442 1331 502 1419 qui
526 1353 567 1397 eo
599 1335 755 1420 tempore
784 1353 903 1398 revera
932 1338 1070 1420 praetor
1094 1331 1247 1398 urbanus
1275 1335 1362 1412 erat,
1390 1336 1532 1419 apparet

200 1436 381 1524 losephum
407 1435 475 1503 alio
505 1459 604 1504 nsum
632 1459 706 1504 esse
737 1438 833 1504 fonte
860 1443 894 1504 et
921 1437 1021 1504 istam
1051 1437 1247 1504 confirmari
1278 1437 1528 1516 narrationem

199 1541 258 1606 sed
280 1541 376 1630 apud
395 1565 472 1610 eum
495 1543 571 1610 loco
593 1543 707 1610 alieno
726 1564 910 1633 perperam
933 1544 1066 1611 referri.
1095 1543 1199 1610 Aliter
1217 1542 1451 1610 Mendelssohn
1472 1543 1530 1631 (tle

199 1668 271 1713 sen.
288 1668 381 1714 cons.
401 1653 634 1716 Romanorum
653 1650 697 1716 ab
715 1650 857 1738 losepho
875 1649 973 1716 relati
986 1650 1212 1739 temporibus,
1231 1650 1320 1739 Lips.
1341 1649 1453 1734 1873),
1471 1649 1530 1737 qui

202 1758 300 1841 putat
315 1737 470 1822 versione
494 1756 529 1821 in
554 1755 653 1823 hehr.
672 1762 705 1822 et
725 1779 765 1822 ex
784 1756 935 1822 hebraeo
954 1755 990 1821 in
1012 1777 1177 1842 graecum
1195 1777 1234 1821 ex
1251 1755 1353 1822 Lucio
1373 1760 1531 1844 praetore

200 1859 328 1926 tactum
350 1882 423 1928 esse
442 1862 582 1928 Lucium
605 1863 792 1929 consulem.
814 1867 859 1929 lte
880 1866 951 1929 tota
971 1863 1036 1930 hac
1057 1863 1256 1950 quaestione
1279 1860 1387 1928 multa
1407 1859 1532 1949 scripta

100 1973 104 1980 '
199 1970 294 2048 sunt;
308 1967 387 2033 vide
403 1968 552 2034 Scirtirer
564 1967 587 2035 l.
604 1992 633 2035 c.
652 1973 663 2033 Ι
679 1992 713 2058 p.
731 1975 793 2036 251
812 1973 895 2035 nota
909 1974 964 2034 22.

508 2224 554 2277 ll.
576 2218 738 2278 Antiochus
752 2236 782 2276 ae
795 2217 906 2276 antibat
917 2215 1061 2296 persidam
1078 2220 1227 2289 lida-36.

239 2423 328 2483 1535.
345 2423 593 2473 Antiochasaatern
609 2438 655 2472 rec
671 2423 807 2488 applicuit
896 2421 999 2492 1525.
1024 2417 1153 2496 Ἀντίοχος
1174 2416 1201 2476 δὲ
1226 2423 1240 2477 ὁ
1265 2415 1389 2495 βασιλεὺς
1416 2420 1533 2496 παρενέ-

201 2519 291 2562 rastra
311 2514 343 2561 in
360 2513 459 2564 Doram
476 2514 600 2573 secando,
622 2514 764 2562 admouent
784 2514 808 2560 ei
855 2505 936 2565 daher
954 2507 997 2566 ἐπὶ
1017 2512 1097 2586 Anapi
1116 2509 1142 2564 ir
1161 2510 1194 2585 τῇ
1215 2504 1322 2585 δευτέρᾳ
1338 2506 1474 2584 προςοίγων
1490 2506 1532 2562 διὰ

200 2613 303 2664 semper
323 2608 465 2661 manaret
483 2603 622 2650 machinas
645 2601 762 2665 sacient,
784 2609 808 2648 et
854 2596 952 2662 παντὸς
974 2597 1041 2674 αὐτῇ
1061 2595 1106 2661 τὰς
1124 2602 1215 2673 χεῖρας
1234 2593 1280 2652 καί
1299 2591 1423 2670 μηχανδις
1442 2593 1533 2652 ποιοί·

201 2689 331 2740 conclusit
367 2691 548 2754 Tryphonem,
578 2703 611 2738 ne
641 2689 808 2753 procederet.
855 2707 942 2760 μενος,
964 2683 1010 2742 καί
1031 2683 1180 2742 συνέκλεισε
1202 2682 1245 2740 τὸν
1269 2681 1402 2763 Τρύρυινα
1426 2687 1470 2740 τοῦ
1495 2682 1532 2757 μὴ

202 2779 247 2829 26.
263 2779 296 2828 lit
315 2780 388 2828 misit
408 2781 443 2828 ad
462 2793 520 2828 eam
537 2780 630 2828 Simon
646 2779 698 2828 duo
718 2777 809 2827 taillia
855 2771 1049 2853 εῐςπορεύισθαι
1062 2771 1107 2828 καί
1121 2771 1316 2850 ἐκπορεύεσθαι.
1334 2772 1383 2830 26.
1402 2769 1456 2829 Καὶ
1469 2769 1533 2829 ἀπέ-

203 2868 322 2917 uiroram
345 2868 486 2918 electorum
506 2868 538 2916 in
561 2867 695 2918 ancilium
719 2874 743 2916 rt
765 2881 810 2916 ar·
856 2865 958 2922 σεειλεν
972 2863 1044 2939 αὐτῷ
1060 2859 1153 2935 Σίμων
1168 2858 1313 2939 δισχιλίους
1328 2859 1423 2938 ἄνδρας
1437 2859 1531 2917 ίκλεκ-
1569 2858 1574 2870 '

201 2958 701 3021 pentametaarumctoaaacopiosa.
720 2955 809 3006 tati
854 2950 915 3018 τοὺς
943 2954 1121 3028 συμμαχῆσαι
1152 2950 1224 3027 αὐτῷ
1253 2947 1299 3007 καί
1331 2946 1453 3028 ἀργύριον
1488 2948 1532 3006 καὶ

201 3045 290 3096 ιιοΙιιΙι
323 3060 355 3095 σο
382 3047 515 3113 precipere,
543 3046 589 3094 ced
614 3045 690 3109 rapit
718 3047 809 3094 omnia
854 3039 965 3121 χρυσίον
980 3039 1026 3098 καί
1041 3037 1121 3107 σκεύη
1141 3038 1230 3098 laurei.
1247 3040 1295 3098 27.
1314 3036 1369 3098 Καί
1386 3037 1434 3096 οὐκ
1448 3034 1532 3107 ἠθού-

202 3142 440 3199 praeparemur
461 3149 520 3185 cum
537 3148 566 3184 σο
586 3140 676 3193 antea,
699 3140 723 3182 er
744 3133 809 3184 atie·
855 3133 916 3189 λετσ
936 3128 1004 3187 αὐτὰ
1024 3127 1159 3196 δέξασθαι,
1175 3127 1234 3184 ἀλλ’
1250 3126 1364 3197 titanae
1383 3127 1470 3184 πάντα.
1485 3123 1535 3184 ὅσα

201 3224 280 3274 nouit
302 3238 329 3272 rc
351 3224 384 3273 ab
408 3237 447 3274 eo.
473 3224 516 3274 28.
540 3225 572 3272 Et
598 3224 671 3272 misit
693 3223 727 3271 ad
752 3236 810 3270 eam
856 3217 977 3275 συνέθετο
997 3217 1069 3294 αὐτῷ
1091 3216 1121 3272 τὸ
1142 3212 1281 3291 πρότερον,
1300 3213 1346 3270 καί
1365 3215 1535 3290 ἠλλοτρισῦεσ

202 3315 380 3363 Athenotiam
403 3327 485 3363 anam
507 3313 537 3360 de
562 3313 656 3360 amicir
681 3312 754 3367 suis,
781 3318 809 3358 at
856 3307 939 3385 αὐτῷ.
954 3306 1003 3364 ⁶38.
1022 3305 1076 3362 Καὶ
1091 3301 1231 3360 ἀπέστειλε
1251 3300 1315 3380 πρὸς
1335 3299 1412 3356 αὐτὸν
1429 3299 1535 3369 Ἀθηνό-

202 3409 331 3452 tractaret
352 3417 410 3452 ram
430 3403 488 3466 ipso
508 3401 598 3450 dicens
619 3414 628 3448 :
649 3413 693 3448 ons
715 3399 810 3447 tenetis
856 3392 913 3450 ὄιον
936 3392 982 3450 ἕνα
1003 3393 1056 3449 τῶν
1078 3391 1160 3470 φίλων
1184 3391 1264 3447 αὐτοῦ
1284 3387 1533 3465 κοινολογησάμενσν

202 3491 303 3556 loppen
318 3498 342 3540 et
358 3497 412 3541 Ga:
415 3505 491 3539 aram
505 3497 529 3539 et
544 3503 633 3538 arcem
645 3501 713 3550 qaae
729 3487 810 3535 estin
856 3481 905 3539 air:
906 3506 928 3561 ῳ
909 3481 1059 3556 ”λε’γων·
1049 3487 1123 3554 υμεῐς
1143 3499 1336 3556 interponam
1355 3499 1402 3547 της
1422 3475 1534 3548 Ἰόππης

202 3578 661 3642 ΙσιυσαΙοιιισίοΙΙσιισιεριιίιπσι·;
677 3576 721 3626 ta.
743 3578 810 3641 fines
856 3569 901 3627 καὶ
927 3568 1053 3646 Γαζάρων
1076 3591 1122 3626 κιιι
1143 3571 1190 3637 τῆς
1211 3566 1293 3644 ἄκροις
1318 3568 1413 3635 mlv
1436 3563 1533 3642 ‘pau-la

201 3683 295 3719 aarum
307 3669 456 3728 desolastis
474 3676 497 3717 et
512 3668 613 3731 {acastre
625 3665 737 3731 ptapam
751 3679 809 3713 ma·
856 3657 960 3734 σαλὴμ,
980 3657 1070 3721 πόλεις
1098 3679 1144 3725 της
1174 3589 1311 3734 βασιλείας
1335 3671 1396 3729 μου·
1419 3656 1469 3713 29.
1499 3651 1533 3709 τὰ

202 3773 283 3821 paam
298 3759 329 3808 in
344 3765 416 3808 terra
429 3764 453 3806 et
468 3757 601 3806 dominati
615 3756 679 3804 estis
690 3767 740 3818 per
752 3753 810 3802 loca
856 3746 960 3827 ὅρια’
931 3747 1017 3804 autin
1029 3743 1193 3854 ἠρημώσσιτε
1207 3744 1251 3802 καί
1266 3741 1410 3848 ίποιήρατε
1426 3741 1533 3816 πληγὴν

203 3847 506 3910 mattainrcpnomeo
524 3845 566 3896 30.
583 3846 810 3906 Nancerpotra-
856 3836 1007 3912 μεγάλην’
996 3859 1040 3893 επι
1058 3837 1105 3904 τῆς
1125 3856 1173 3910 γης
1191 3832 1266 3890 καλ’
1256 3829 1411 3909 εκυριεύσατ
1402 3851 1425 3886 ,ε
1444 3829 1533 3888 τόπων

203 3937 393 3986 ditericitates
413 3949 480 3998 qaas
499 3934 647 3998 occupastis
663 3940 686 3980 et
707 3931 810 3980 tributa
856 3926 962 3984 πολλῶν
986 3923 1012 3981 ἐν
1036 3927 1068 4002 τῇ
1095 3920 1247 4002 βασιλεία
1242 3943 1303 3979 aea.
1327 3921 1376 3980 30
1401 3908 1512 3978 Νυν
1482 3941 1527 3976 ουν

203 4023 329 4084 locorum,
346 4025 376 4073 in
397 4025 492 4087 quibas
507 4021 640 4073 dominati
656 4021 718 4070 estis
734 4026 810 4068 extra
856 4013 988 4094 παράδοτε
1007 4012 1054 4078 τὰς
1057 3989 1160 4076 πολεις
1176 4009 1205 4076 ἃς
1220 3979 1397 4068 κίιτελοίὸεσθι
1412 4005 1529 4072 καὶτοὺς

202 4115 267 4176 fines
286 4115 411 4163 iudaeae.
434 4112 477 4162 31
494 4113 661 4168 Sipuntem,
683 4110 809 4172 datepro
856 4102 949 4182 φόρους
972 4125 1023 4160 τιον
1046 4099 1135 4160 τόπων
1155 4090 1192 4157 ὧν
1213 4097 1435 4172 κατικυριεύσατε
1456 4095 1529 4161 ἐκτὸς

202 4201 262 4251 illia
286 4203 435 4265 quingenta
459 4199 563 4250 talenta
587 4199 694 4260 arpenti
716 4203 740 4244 et
764 4210 809 4244 er·
857 4195 908 4250 τῶν
925 4190 1053 4271 ὁρίων
1020 4215 1067 4260 της
1080 4189 1220 4255 Ἰουδαίας.
1239 4191 1287 4248 31.
1308 4187 1340 4245 Εἰ
1359 4187 1386 4244 δὲ
1407 4186 1485 4260 phi
1487 4185 1529 4242 ότε

203 4292 324 4341 terminii
344 4292 412 4354 qttod
432 4289 630 4339 exterminastis
649 4293 673 4335 et
694 4285 809 4334 tributo·
856 4283 912 4339 ἀντ
929 4282 1015 4339 αὐτῶν
1029 4277 1191 4338 atr-audate
1210 4276 1359 4335 τάλαντα’
1345 4273 1469 4352 αργυρίου
1484 4273 1529 4328 καὶ

204 4395 262 4430 ram
281 4381 420 4431 ciuitatum
441 4379 499 4428 alia
521 4377 625 4426 talenta
647 4377 809 4438 qainpenta,·
855 4373 903 4440 τῆς
935 4372 1100 4446 καταφθορᾶς
1123 4373 1155 4436 ἧς
1177 4363 1380 4442 πατῑφίαρκαῑῑ
1409 4383 1454 4417 ²2³¹
1477 4381 1529 4416 wll

202 4471 248 4519 titt
271 4476 369 4529 autem,
393 4469 526 4519 venientu!
549 4473 573 4514 tt
596 4463 809 4528 expuantbt'mvs
856 4456 943 4539 ρόρυνν
958 4463 1009 4517 τῶν
1025 4455 1127 4514 πολεων
1141 4453 1209 4512 aula
1226 4454 1344 4511 calama
1358 4469 1528 4506 narranaam

204 4573 257 4608 uos.
856 4572 879 4606 ιι
914 4548 940 4605 δὲ
976 4543 1024 4622 μὴ,
1054 4541 1317 4622 παραγενόμενοι
1306 4534 1527 4614 ἐνπολεμησομεν

857 4639 936 4712 ὑμᾶς.

240 4747 283 4798 tt.
299 4749 332 4798 lit
352 4747 425 4798 uenit
437 4744 600 4796 Attenobias
619 4741 719 4791 amicas
738 4738 810 4799 repit
896 4725 946 4785 32.
965 4723 1019 4783 Καί
1034 4713 1111 4794 ηλθεν
1126 4717 1281 4791 Ἀθηνόὸιος
1296 4716 1369 4796 φίλος
1385 4719 1430 4774 τοῦ
1450 4717 1528 4793 βασῑ·
