3625 5367
283 376 323 434 60
824 370 852 427 1.
876 384 970 429 κλοπ.
995 367 1077 439 tat.

284 548 316 590 v.
337 530 378 590 56
398 524 602 613 expulerunt
620 520 728 587 Israel
744 522 768 585 i.
787 543 819 588 e.
840 517 903 608 qui
922 514 1161 606 impietatibus
1183 514 1256 581 istis
1276 535 1347 579 non
1364 512 1618 579 consentientes

284 630 432 697 fideliter
446 634 513 695 Deo
526 627 772 707 adhaerebant,
783 625 820 692 in
833 625 909 691 loca
920 623 1051 704 abditu,
1067 630 1167 690 ἔθεντο
1181 620 1399 687 collocabant
1409 619 1433 685 i.
1447 640 1480 686 e.
1496 638 1618 705 coege-

284 742 365 803 runt
386 757 441 803 cos
466 740 504 802 ul
528 745 558 803 ἐν
579 742 665 804 παντὶ
689 740 912 821 ρυγαδευτηρίῳ
937 736 1031 799 αὐτῶν
1052 730 1089 795 ln
1112 728 1235 818 quovis
1257 726 1384 813 refugii
1404 724 1481 791 loco
1501 725 1560 813 qui
1580 723 1618 789 in

284 864 405 910 eorum
420 842 558 928 regione
577 839 728 909 inveniri
742 844 876 928 poterat
895 858 967 904 sese
987 834 1249 903 absconderent.
1268 838 1317 899 lta
1331 831 1478 923 populus
1494 830 1617 897 misere

285 954 358 1016 erat
372 948 572 1037 discerptus.
589 947 690 1037 impii
701 966 780 1013 eum
797 942 1003 1031 alienigenis
1017 940 1124 1031 impie
1140 939 1317 1020 vivebant;
1333 938 1454 1005 fideles
1469 936 1505 1003 in
1521 958 1617 1002 mon-

287 1055 379 1121 tibus
398 1061 430 1121 et
450 1052 623 1143 speluncis
642 1052 816 1139 refugium
835 1049 1050 1141 quaerebant
1069 1047 1127 1136 (cf.
1144 1052 1236 1127 638.
1259 1052 1313 1112 31.
1336 1052 1357 1111 2
1380 1043 1485 1111 blech.
1508 1043 1613 1129 611).

286 1161 378 1228 Hics
402 1184 538 1251 quoque
557 1162 657 1246 signo
677 1159 777 1226 solito
795 1164 898 1246 caput
920 1156 986 1222 boc
1012 1153 1089 1222 linit
1108 1153 1155 1243 (v.
1178 1158 1281 1219 29-53
1306 1149 1495 1219 secundum
1519 1170 1616 1235 gree·

284 1289 361 1336 cum
374 1290 382 1349 3
399 1290 432 1335 v.
451 1274 553 1335 30-56
568 1266 755 1334 secundum
770 1263 881 1353 vulg).

688 1493 716 1549 5.
731 1486 898 1547 Persecutio
911 1487 945 1545 in
958 1484 1059 1566 fideles
1076 1488 1206 1557 lut-67.

320 1678 668 1743 normannicarum
680 1678 777 1727 mensis
791 1676 887 1728 Castra
977 1674 1057 1743 1,5t.
1079 1670 1133 1731 Καί
1151 1674 1185 1749 τῇ
1203 1667 1427 1746 πεντεκαιδεκάτῃ
1442 1668 1531 1747 ἡμέρᾳ
1553 1668 1612 1727 Χα-

281 1769 374 1831 quinto
403 1774 426 1816 et
455 1768 662 1831 quadrapesimo
691 1774 715 1817 et
746 1766 886 1816 centesimo
933 1762 1010 1819 «eleb
1022 1764 1060 1839 τῷ
1075 1760 1191 1838 πέμπτῳ
1207 1759 1252 1818 καί
1268 1760 1475 1837 τεσσαρακοστῷ
1488 1755 1532 1815 καί
1547 1759 1613 1814 taa-

281 1862 361 1905 anno‘
375 1856 527 1921 aedificavit
551 1868 598 1906 rec
619 1857 764 1905 Antiochus
782 1856 886 1904 abomi·
932 1852 1019 1930 τοστῷ
1036 1850 1088 1907 ἔτει
1106 1848 1282 1929 ᾠκοδόμησαν
1299 1847 1436 1926 βδέλυγμα
1453 1842 1614 1923 ἐρημώσεως

279 1943 886 2009 nandumidolamderoiatianirsuperaltare
933 1939 977 1997 ini
999 1938 1029 1996 τὸ
1058 1936 1243 2015 θυσιαστήριον
1272 1936 1319 1993 καί
1343 1936 1370 1992 ἐν
1394 1935 1503 1993 πόλεσιν
1523 1933 1613 1993 Ἰούδα

280 2035 336 2093 Dei,
358 2040 382 2082 et
400 2046 449 2097 per
468 2035 608 2084 universas
627 2035 749 2085 civitates
768 2032 837 2083 iuda
856 2034 887 2081 in
933 2027 1023 2106 κύκλῳ
1038 2025 1217 2107 ᾠκοδόμησαν
1236 2023 1350 2104 βωμούς,
1369 2026 1418 2085 55.
1436 2024 1483 2082 καί
1501 2021 1613 2081 ἐπὶτῶν

279 2124 395 2171 circuitu
411 2123 619 2186 aedificaverant
633 2135 712 2181 aras,·
729 2120 771 2171 58.
786 2128 810 2170 et
824 2128 886 2171 ante
932 2118 1016 2193 θυρῶν
1031 2117 1083 2173 τῶν
1107 2116 1198 2174 οἰκιῶν
1217 2114 1264 2172 καί
1284 2116 1311 2170 ἐν
1329 2120 1387 2179 ταῖς
1400 2111 1538 2178 πλατείαις
1553 2114 1611 2170 ἰθυ-

280 2213 379 2261 iaauor
399 2212 535 2261 domorum
554 2218 578 2260 et
596 2212 626 2260 in
644 2209 744 2276 plateis
759 2210 885 2259 incende·
933 2206 1013 2279 μίων,
1034 2206 1084 2264 56.
1105 2203 1152 2261 καί
1169 2201 1204 2261 τδι
1220 2202 1310 2282 βι6λία
1330 2206 1376 2261 τοῦ
1399 2201 1479 2277 νόμου
1500 2200 1517 2259 θ
1538 2191 1611 2279 εὗρον

282 2300 345 2350 bant
359 2301 477 2350 ituraei
490 2296 752 2364 sacrificabannbti.
767 2306 791 2349 et
802 2298 886 2347 libros
932 2291 1088 2371 ἐνεπύρισαν
1104 2292 1168 2371 πυρὶ
1182 2291 1404 2370 κατασχίσαντες,
1422 2293 1471 2351 57.
1485 2289 1531 2347 καί
1545 2288 1611 2347 ὅπου

281 2388 347 2452 lepis
368 2388 415 2438 Dei
434 2388 631 2438 cartibusserunt
651 2388 711 2451 tyni
737 2388 886 2436 scindentes
932 2381 1068 2460 εὑρίσκετο
1082 2382 1155 2460 παρά
1174 2404 1226 2438 τινι
1249 2378 1352 2457 βι6λίον
1376 2378 1513 2450 διαθήκης,
1527 2377 1574 2436 καθ
1587 2377 1612 2437 εί

280 2491 331 2538 eas,
354 2477 398 2528 60.
426 2484 450 2526 ct
466 2477 540 2541 apud
555 2490 740 2540 quemcumque
762 2477 885 2525 inuenie-
931 2492 971 2536 τις
985 2469 1135 2530 συνευδύκεί
1154 2473 1192 2547 τῷ
1210 2469 1295 2546 νόμῳ,
1311 2468 1341 2526 τὸ
1354 2468 1487 2547 σύγκριμα
1499 2473 1545 2526 τοῦ
1560 2471 1610 2545 βα-

281 2568 380 2618 bantur
396 2566 461 2615 libri
481 2568 633 2616 testamenti
647 2568 763 2627 Domini,
780 2572 803 2615 ct
821 2566 884 2627 qui·
932 2558 1026 2627 σιλίως
1042 2558 1170 2619 ἔθανάτου
1183 2557 1272 2617 atrii.
1299 2560 1348 2618 58.
1361 2560 1409 2618 Ἐν
1432 2557 1505 2635 ἰσχύϊ
1521 2556 1608 2621 αὐτῶν

278 2670 386 2719 cumque
413 2656 571 2706 obseruabat
596 2656 678 2719 tepent
702 2646 818 2715 Domini,
847 2668 884 2703 sc·
931 2648 1035 2707 ἐποίουν
1048 2647 1131 2715 οὕτως
1141 2652 1180 2726 τῷ
1191 2645 1303 2726 Ἰσραὴλ
1313 2656 1367 2713 τοῖς
1376 2644 1570 2724 εὑρισκομένοις
1581 2647 1609 2703 ἐν

278 2747 393 2795 cundum
407 2746 521 2795 edietum
535 2746 605 2807 repis
621 2745 793 2794 trucidabant
814 2758 882 2793 eum.
931 2738 1010 2796 παντί
1026 2737 1090 2812 μηνὶ
1101 2736 1148 2795 καί
1163 2737 1228 2813 μηνὶ
1242 2740 1268 2795 ἐν
1286 2743 1343 2802 ταῖς
1357 2736 1474 2793 πόλεσιν.
1491 2736 1541 2795 69.
1557 2732 1610 2793 Καί

278 2834 323 2882 61.
339 2834 372 2881 ln
386 2835 485 2882 uirtute
496 2846 547 2881 ευσ
559 2832 696 2896 faciebant
708 2833 772 2881 baec
784 2832 884 2895 populo
930 2825 1083 2903 τῇπίμπτν·Ι
1098 2826 1144 2883 καί
1157 2822 1243 2884 εἰκάδι
1252 2824 1610 2901 τοῦμηνδςθυσιάζοντεςίπλ

279 2921 364 2970 lsrael
383 2922 430 2983 qut
450 2920 638 2971 inveniebatur
657 2922 688 2969 in
706 2923 778 2969 orant
798 2934 883 2969 mense
930 2912 974 2969 τὸν
988 2914 1079 2991 βωμὸν
1090 2911 1118 2980 br
1130 2904 1162 2984 ἦν
1176 2914 1221 2971 ἐπὶ
1229 2919 1276 2972 τοῦ
1290 2914 1486 2991 θυσιαστηρίου,
1497 2914 1547 2973 60.
1564 2914 1609 2970 καθ

277 3016 300 3058 et
316 3022 402 3058 mense
417 3011 448 3059 in
467 3008 694 3069 ciuitatibumbi.
711 3015 734 3057 et
749 3009 847 3071 quinta
859 3015 884 3057 et
929 3000 976 3067 τὰς
998 3009 1123 3078 γυναῖκας
1146 2999 1193 3068 τδις
1225 3000 1446 3082 περιτετμηκυίας
1474 3001 1506 3059 τδι
1530 3000 1609 3060 τέκνα

278 3100 407 3162 υἰρωίιιιυ
422 3098 464 3146 σία
480 3098 578 3147 mensis
597 3098 788 3162 sacrificabant
804 3112 884 3163 supe-r
930 3092 1017 3148 αὐτῶν
1038 3088 1207 3151 ἐθανάτωσαν
1226 3088 1297 3148 κατδι
1318 3090 1349 3149 rb
1368 3092 1540 3169 πρόσταγμα,
1555 3091 1607 3151 61.

278 3202 354 3237 aram
376 3200 443 3249 qaae
467 3194 524 3235 erat
549 3192 644 3237 cantra
667 3186 769 3246 attare,·
791 3187 834 3237 63.
858 3194 882 3237 et
929 3177 976 3235 καὶ
994 3178 1143 3257 ἐκρέμασαν
1167 3175 1202 3236 et
1227 3182 1312 3259 βρέρτ,
1334 3182 1364 3239 ίκ
1391 3183 1444 3237 τῶν
1465 3178 1608 3259 τραχήλων

278 3275 401 3327 mutieres
417 3290 484 3338 quae
499 3276 723 3325 circumcidebant
737 3274 807 3340 filios
822 3290 883 3326 suos
931 3270 1017 3325 αὐτῶν
1041 3267 1087 3325 καί
1110 3266 1170 3334 τοὺς
1193 3266 1280 3335 οίκους
1303 3270 1389 3327 αὐτῶν
1412 3267 1608 3347 προενόμευσαν

278 3365 485 3415 trucidabantur
512 3365 655 3415 secundum
681 3365 784 3414 iussam
812 3366 882 3429 repis
929 3358 974 3415 καί
991 3354 1051 3422 τοὺς
1066 3358 1294 3436 περιτετμηκύτας
1312 3355 1406 3423 αὐτοὺς
1425 3357 1607 3426 ἐθανάτωσαν·

277 3455 421 3511 Antiochi:
438 3453 482 3504 bi.
499 3460 522 3503 et
542 3454 738 3517 suspendebant
755 3468 851 3519 pueros
867 3470 883 3503 a
929 3447 980 3505 62.
994 3446 1040 3504 καὶ
1059 3445 1154 3504 πολλοὶ
1166 3450 1193 3506 ἐν
1209 3444 1319 3526 Ἰσραὴλ
1332 3446 1549 3524 ἐκραταιύιθησαν,
1562 3446 1608 3504 καὶ

277 3543 423 3592 ceruicibus
442 3557 491 3607 per
510 3544 651 3593 universas
671 3544 760 3593 domas
782 3558 880 3603 rorum,
928 3533 1110 3613 ύιχυρύνθησαν
1133 3536 1161 3593 ἐν
1183 3536 1271 3599 αὐτοῖς
1292 3540 1336 3594 τοῦ
1358 3534 1396 3611 μὴ
1416 3544 1508 3614 φαγεῖν
1521 3535 1607 3608 κοινά,

277 3638 301 3681 et
316 3646 358 3681 eos
378 3634 424 3694 (μα’
443 3632 665 3682 circumciderant
682 3632 745 3681 iilos
760 3634 883 3682 trucida·
929 3625 979 3683 63.
998 3624 1044 3682 καὶ
1063 3622 1218 3691 ἕτεδίξαντο
1239 3626 1391 3699 ἀποθανεῖν,
1412 3622 1457 3683 ἵνα
1477 3625 1513 3699 μὴ
1530 3645 1608 3700 μιαν·

277 3720 351 3771 bant.
377 3720 421 3772 65.
451 3722 484 3770 lit
510 3722 586 3771 malti
611 3723 642 3769 rte
670 3722 771 3786 populo
795 3721 881 3772 lsrael
929 3715 994 3769 θῶσι
1020 3716 1074 3777 τοῖς
1109 3711 1234 3791 βρώμασι
1271 3712 1316 3770 καὶ
1354 3712 1391 3788 μὴ
1430 3712 1607 3791 βεὸηλύισωσι

275 3810 436 3875 definierant
459 3811 532 3874 apud
550 3825 585 3869 se,
607 3816 637 3859 at
656 3824 711 3859 non
734 3812 882 3861 arandara·
929 3800 1056 3870 διαθήκην
1070 3800 1147 3877 ἁγίαν
1156 3801 1202 3859 καί
1216 3802 1358 3860 ἀπέθανον.
1370 3804 1420 3862 64.
1437 3804 1489 3861 Καὶ
1504 3803 1607 3879 ἐγένετο

275 3906 333 3949 rent
349 3900 488 3947 immunda
506 3906 530 3947 et
551 3899 687 3961 cleperent
706 3899 793 3962 napis
813 3901 882 3948 mari
928 3888 994 3967 ὀργὴ
1012 3890 1116 3967 μεγάλη
1132 3889 1175 3948 ἐπὶ
1193 3888 1302 3968 Ἰσραὴλ
1313 3890 1424 3970 σρύδρα.

275 4001 354 4048 ουσιαι
365 3988 431 4037 cibis
442 3988 615 4049 coinquinari
628 3988 772 4037 immundis
780 4002 787 4047 ;
801 3986 843 4037 66.
857 3996 880 4037 et

273 4074 418 4125 noluerunt
434 4074 584 4138 infringere
602 4074 683 4141 leuem
698 4076 745 4125 Dei
760 4084 882 4125 sanctam

274 4170 298 4212 et
321 4162 450 4213 trucidati
471 4170 543 4212 sant.
568 4162 611 4214 67.
635 4165 668 4213 Et
690 4164 762 4228 [aeta
777 4172 815 4215 est
837 4168 882 4215 ira

274 4266 373 4315 maana
387 4264 468 4317 super
480 4252 611 4316 papatum
626 4252 714 4303 ualde.

310 4404 342 4453 In
356 4418 383 4455 v.
401 4402 433 4453 54
449 4418 463 4453 s
478 4403 523 4454 die
538 4404 582 4454 65.
597 4404 629 4453 In
640 4419 666 4454 v.
684 4404 713 4455 61
733 4406 757 4454 Α
772 4405 805 4456 56
818 4420 832 4456 s
846 4418 963 4468 οικειονς;
980 4419 1027 4457 om
1041 4422 1225 4476 προενομενσαν
1238 4411 1267 4460 ct
1280 4408 1438 4459 εθανατωσαν
1454 4422 1475 4466 ,υ
1492 4412 1515 4461 Α
1529 4424 1543 4460 s
1558 4409 1603 4461 23.

275 4493 307 4543 56
323 4490 363 4555 al;
381 4493 430 4544 sed
446 4492 465 4543 S
481 4494 622 4557 integrum
637 4506 749 4544 versam
765 4495 888 4547 exbibet.

1800 4533 1801 4588 l

317 4654 408 4727 Quae
427 4672 487 4717 rex
507 4650 619 4717 edicto
644 4672 704 4717 suo
732 4651 956 4719 mandaverat
981 4652 1164 4743 (int-53),
1191 4654 1259 4721 iam
1286 4656 1495 4723 exsecutioni
1519 4679 1606 4747 quo·

275 4754 378 4821 modo
406 4757 571 4825 mandata
593 4757 662 4823 sint
682 4760 874 4846 exponitur.
896 4764 936 4825 Et
958 4760 1236 4849 primoquidem
1258 4784 1290 4828 v.
1313 4768 1366 4827 57.
1382 4768 1424 4829 58
1448 4768 1607 4831 narratur
1800 4759 1801 4778 ¹
