3625 5367
748 336 777 393 t.
799 350 892 394 unua.
917 337 978 406 8,1.
1473 343 1530 402 119

198 488 329 550 deperent
352 500 435 548 usque
459 487 490 535 in
511 487 580 536 berne
601 486 684 544 diem,·
714 487 755 536 tt.
779 492 805 536 et
852 485 939 542 αὐτῶν
971 487 1016 545 καὶ
1042 491 1164 547 καθεῖλον
1194 487 1229 545 τὰ
1258 487 1420 568 ὀχυρώματα
1445 491 1530 549 αύτῶν

198 577 308 626 residua
323 589 408 638 reqna
422 582 446 624 et
459 575 565 624 insutas
578 575 805 638 quaeaiiquando
851 574 895 630 καὶ
918 576 1156 636 κατεδουλώσαντο
1180 576 1271 643 αύτούς
1291 577 1341 645 ἕως
1361 583 1409 648 τῆς
1429 579 1531 657 ἡμέρας

199 666 355 715 restiterant
377 664 436 714 iliis
460 666 705 714 exterminaverunt
728 672 753 713 et
776 666 806 712 in
850 661 960 732 ταύτης·
988 668 1036 726 11,
1065 665 1111 724 καὶ
1140 664 1186 730 τὰς
1211 666 1364 732 ἐπιλοίπους
1394 669 1529 745 βασιλείας

198 760 355 820 potestatem
367 754 538 816 redeqerunt.
846 749 895 831 καὶ
916 750 963 818 τὰς
977 751 1073 824 νήσους
1089 755 1146 814 ὅσοι
1162 754 1226 812 ποτὲ
1247 754 1413 824 ἀντέστησαν
1429 757 1528 834 αὐτοῖς,

849 839 1024 920 κατέφθειραν
1046 843 1092 900 καὶ
1113 841 1264 903 ἐδούλωσαν
1286 844 1391 911 αύτούς.

238 933 279 981 te.
297 933 363 980 Cum
378 931 472 980 amicte
489 937 578 980 antem
591 931 648 980 ruis
662 937 687 980 et
706 933 754 994 qui
774 933 805 979 in
892 930 941 989 12,
960 929 1037 989 Mente
1060 931 1088 989 δὲ
1114 935 1165 989 τῶν
1190 933 1273 1011 ponne
1298 934 1384 991 αὐτῶν
1409 933 1454 992 καὶ
1477 937 1529 993 τῶν

199 1022 267 1084 ipae
286 1021 404 1082 requiem
425 1019 559 1069 trabebant
581 1027 804 1070 conservaverunt
850 1018 1096 1096 ἐπαναπαυομὲνων
1116 1021 1203 1086 αὐτοῖς
1224 1021 1406 1100 συνετήρησαν
1428 1023 1528 1102 φιλίαν,

199 1110 349 1160 amicitiara
377 1115 402 1157 tt
427 1110 601 1169 obtinuerunt
624 1123 709 1172 repna
737 1123 804 1171 quae
850 1106 896 1164 καί
917 1108 1121 1186 κατεκράτησαν
1143 1113 1195 1166 τῶν
1217 1112 1360 1189 βασιλειῶν
1381 1112 1433 1168 τῶν
1455 1110 1529 1189 ἐγγύς

199 1203 277 1247 erant
291 1198 415 1261 proxima
430 1204 454 1246 et
469 1211 536 1260 qnae
549 1204 627 1245 erant
639 1197 724 1261 ionae,
739 1199 805 1259 quia
850 1197 894 1252 καὶ
910 1199 963 1254 τῶν
974 1197 1091 1278 μακρὰν,
1105 1197 1150 1255 καὶ
1164 1197 1221 1256 ὅσοι
1238 1197 1329 1268 θκουον
1343 1198 1374 1256 τὸ
1388 1199 1471 1276 ὄνομα
1484 1201 1529 1258 αὐ-

199 1288 355 1350 atticumque
375 1286 522 1335 audiebant
539 1299 636 1334 nornen
657 1300 747 1335 earum
767 1289 805 1335 ti·
850 1287 902 1341 τῶν
925 1286 1065 1365 {patiebare
1088 1287 1134 1343 ἀπ’
1157 1289 1256 1347 αὐτῶν.
1274 1289 1322 1346 13.
1339 1287 1434 1352 “Oeen
1455 1287 1477 1345 δ’
1499 1287 1529 1346 ἂν

198 1375 305 1423 mebant
333 1387 393 1433 ουτ,-
425 1375 465 1425 13.
492 1375 588 1437 quibus
616 1388 678 1425 etro
705 1375 804 1426 vellent
852 1374 1002 1450 βούλωνται
1016 1379 1121 1453 βοηθεῖν
1139 1376 1184 1434 καὶ
1201 1375 1361 1454 βασιλεύειν,
1378 1377 1531 1454 βασιλεύου-

200 1463 305 1512 auritio
329 1477 382 1513 esse
403 1470 433 1513 ut
459 1471 614 1526 reynarent,
636 1463 802 1528 reanabant3
850 1479 903 1518 σιν·
934 1461 977 1529 οὓς
1008 1463 1030 1520 δ’
1055 1463 1087 1521 θεν
1118 1463 1276 1541 βούλωνται,
1306 1468 1459 1538 μεθεστῶσι,
1484 1465 1530 1523 καὶ

199 1567 264 1614 quar
284 1559 371 1602 autem
391 1551 499 1613 retient,
515 1566 597 1616 renna
612 1553 802 1606 deturbabant.
849 1549 993 1630 ὑψώθησαν
1017 1551 1129 1633 σρύδρα.
1146 1555 1199 1612 Μ.
1217 1553 1274 1612 Καὶ
1295 1555 1321 1609 ἐν
1345 1564 1411 1612 πᾶσι
1431 1553 1531 1618 τούτοις

200 1649 223 1689 et
243 1641 357 1690 trattati
372 1649 435 1690 runt
449 1641 538 1691 ratde.
555 1641 595 1692 tt.
613 1643 645 1691 tte
664 1644 696 1690 in
714 1644 803 1691 omni·
850 1640 898 1696 οὐκ
926 1641 1035 1699 ἐπέθετο
1062 1641 1147 1704 οὐδεὶς
1171 1643 1260 1698 αὐτῶν
1288 1641 1405 1716 διάδημα
1429 1641 1475 1700 καλ
1500 1644 1529 1701 οὐ

201 1731 248 1778 bus
272 1731 332 1779 istis
353 1743 429 1778 neena
451 1731 579 1794 portabat
603 1731 736 1790 diadema,
756 1745 804 1780 nec
849 1727 1039 1803 περιιύοίλοντο
1062 1728 1201 1806 πορφύραν
1230 1727 1299 1788 ώστε
1323 1731 1481 1808 ἁδρυνθῆναι
1502 1731 1528 1788 ἐν

199 1819 363 1868 induebatur
383 1831 517 1881 purpura,
535 1826 564 1867 ut
585 1821 804 1884 maqnificaretur
850 1817 929 1894 αὐτῇ.
954 1818 1001 1876 15.
1033 1817 1083 1876 Καὶ
1108 1817 1296 1896 βουλευτήριον
1317 1818 1445 1887 ἐποίησαν
1470 1821 1531 1876 ἐαυ-

199 1907 804 1971 inea.15.thuiacuriamseeeruntsibi
850 1912 914 1974 τοῖς,
941 1904 986 1963 καί
1012 1909 1072 1964 καθ’
1095 1903 1199 1985 ἡμέραν
1225 1907 1394 1966 ἐύουλιύοντο
1421 1907 1530 1984 τριακό-

201 2003 223 2044 οι
254 1997 374 2058 quotidie
402 1996 574 2046 eonrniebant
604 2003 731 2046 trecentos
761 1997 805 2046 ri·
850 2016 901 2053 σιοι
917 1992 963 2052 καὶ
982 1993 1067 2053 εἴκοσι
1089 1995 1274 2073 βουλευόμενοι
1290 1994 1333 2054 διὰ
1352 1996 1450 2062 παντὸς
1469 1994 1529 2074 περὶ

200 2086 282 2148 piati,
298 2084 438 2134 consitium
455 2091 562 2148 ayentes
576 2099 678 2150 semper
693 2085 723 2133 de
737 2085 804 2134 rnul-
850 2089 895 2142 τοῦ
914 2083 1030 2154 πλήθους
1049 2087 1096 2142 τοῦ
1121 2085 1260 2160 εὖκοσμεῑν
1281 2083 1386 2150 αὐτούς.
1405 2087 1450 2144 16.
1474 2082 1529 2144 Καὶ

201 2173 325 2232 titudine,
347 2181 376 2221 ut
401 2187 469 2235 quae
493 2174 578 2236 diana
607 2180 670 2224 sunt
697 2181 802 2237 perant.
850 2171 1003 2230 πιστεύουσι
1025 2171 1064 2230 at
1088 2170 1220 2253 ἀνθρώπῳ
1244 2171 1335 2250 ἄρχειν
1361 2176 1448 2232 αὐτῶν
1466 2172 1530 2231 κατ’

203 2261 244 2311 16.
264 2263 299 2312 Et
323 2264 489 2311 committunt
514 2264 564 2311 unt
589 2263 692 2312 bomini
715 2264 805 2326 mapi-
850 2259 971 2319 ε’νιαυτθν
986 2260 1032 2319 καὶ
1051 2263 1181 2340 κυριεύειν
1201 2263 1290 2330 πάσης
1307 2261 1529 2340 τῆςγῆςαύτΐύν,

199 2357 404 2400 stratumtttum
417 2365 467 2416 pet·
482 2351 605 2414 stabulos
620 2353 805 2400 annaedotni-
851 2348 896 2407 καὶ
920 2349 1017 2413 πάντες
1042 2349 1166 2408 ιἰκούουσι
1190 2354 1236 2408 τοῦ
1260 2350 1325 2424 ἑνὸς,
1342 2350 1386 2409 κοιλ
1407 2350 1530 2409 οὐκέστι

199 2441 264 2489 nari
287 2441 430 2489 uniuersae
455 2447 542 2489 terrae
569 2454 643 2499 suae,
665 2446 690 2489 et
717 2454 805 2488 arantes
851 2437 942 2516 ρθόνος
964 2437 1024 2496 οὐδὲ
1046 2441 1123 2509 ζῆλος
1144 2441 1170 2496 ἐν
1193 2440 1290 2504 αὐτοῖς.

201 2529 326 2578 obediunt
351 2529 440 2577 uniet
459 2535 572 2577 nonest
593 2529 702 2578 inuidia
721 2542 806 2590 neque

200 2616 274 2665 zeias
290 2617 361 2667 inter
373 2629 426 2666 eor.

245 2818 352 2883 Probe
376 2817 545 2884 intellexit
564 2817 666 2884 ludas
686 2817 754 2884 iam
776 2817 911 2886 nullam
933 2839 1108 2907 superesse
1129 2840 1223 2908 spem
1250 2819 1323 2886 iore
1344 2825 1382 2886 ut
1405 2842 1425 2886 a
1448 2841 1530 2908 rege

202 2924 320 3011 Syriae
341 2923 470 3013 populo
497 2947 558 2990 suo
582 2923 830 2992 concederetur
858 2925 1000 2992 libertas
1021 2909 1161 2991 vivendi
1188 2924 1378 2993 secundum
1403 2927 1528 3014 legem.

201 3030 306 3120 ldque
322 3052 363 3097 eo
383 3030 494 3117 magis
514 3031 551 3097 in
570 3038 689 3121 aperto
709 3037 783 3099 erat
801 3033 961 3122 positum,
978 3033 1056 3122 quia
1077 3036 1251 3121 apostatae
1274 3032 1388 3102 ludaei
1410 3034 1454 3101 ad
1477 3057 1532 3101 re·

201 3157 278 3223 gem
295 3139 413 3224 Syriae
428 3137 667 3224 confugientes
685 3138 721 3204 in
741 3138 820 3205 aula
835 3138 932 3224 regia
950 3138 1101 3225 henigne
1122 3139 1253 3226 excepti
1278 3145 1313 3205 et
1335 3161 1412 3206 cum
1435 3163 1531 3208 exer-

201 3243 271 3309 citu
290 3241 328 3309 in
346 3243 508 3310 tudaeam
524 3244 616 3310 missi
631 3249 730 3311 erant
743 3244 787 3310 ad
803 3244 878 3332 pios
896 3244 956 3309 Dei
971 3247 1118 3310 cultores
1131 3244 1357 3311 destruendos
1372 3251 1405 3310 et
1421 3267 1532 3313 mores

201 3349 355 3417 ethnicos
367 3348 606 3416 stabiliendos.
629 3349 722 3416 Unde
747 3348 847 3416 iudas
866 3370 971 3416 unam
989 3349 1107 3415 salutis
1122 3371 1216 3437 spem
1233 3349 1269 3414 in
1291 3372 1330 3415 eo
1353 3350 1528 3431 cernebat,

201 3461 240 3522 ut
261 3456 386 3523 Iudaea
408 3456 509 3544 piane
526 3462 684 3543 separata
707 3477 728 3521 a
754 3454 909 3522 dominio
928 3455 1021 3540 regis
1040 3453 1156 3542 Syriae
1179 3461 1213 3520 et
1231 3456 1296 3522 sub
1318 3457 1530 3545 protectione

202 3565 432 3630 Romanorum
444 3563 629 3630 constitute
644 3562 819 3628 frueretur
832 3561 989 3628 libertate
1006 3565 1040 3626 et
1054 3559 1216 3646 religiosa
1235 3567 1270 3626 et
1283 3562 1387 3630 civiti.
1403 3567 1532 3630 Cuncta

201 3669 293 3736 enim
314 3690 404 3759 qnae
430 3669 654 3735 innotuerant
674 3669 711 3734 in
735 3667 861 3737 Iudaea
881 3667 925 3734 de
947 3667 1108 3734 Romanis
1132 3667 1271 3734 hancei
1297 3669 1531 3754 suggerebant

202 3774 508 3865 exspectationem
526 3797 632 3865 quare
650 3774 771 3843 foedus
790 3773 879 3841 inire
892 3777 995 3863 atque
1008 3772 1194 3840 amicitiam
1211 3795 1289 3840 eum
1302 3774 1350 3840 eis
1369 3774 1435 3840 sibi
1451 3796 1532 3864 pro-

201 3881 326 3971 posuit.
348 3887 420 3948 Non
437 3881 547 3948 detuit
562 3881 623 3970 qui
638 3881 758 3949 ludam
773 3881 816 3947 de
835 3879 897 3947 tali
914 3880 1053 3947 t'oedere
1074 3879 1225 3946 ineundo
1247 3880 1318 3947 iere
1342 3881 1532 3970 reprehen-

201 3987 309 4070 deret,
331 3986 414 4078 quia
438 3987 566 4055 iudicio
588 3987 706 4054 divino
725 3986 894 4056 eiusmodi
919 3993 1021 4077 pacta
1044 4009 1120 4052 cum
1148 3986 1344 4054 nationibus
1367 3988 1531 4077 reproba·

201 4100 321 4162 rentur
333 4097 404 4183 (Ex.
420 4099 541 4177 23,3e;
557 4099 670 4177 at,15.
689 4098 784 4161 [tent.
802 4094 890 4182 7,a);
909 4092 1048 4183 insuper
1062 4093 1250 4182 prophetas
1265 4116 1369 4183 quam
1386 4097 1532 4162 maxime

202 4200 319 4268 invehi
335 4200 372 4266 in
391 4221 448 4267 eas
465 4201 525 4289 qui
545 4201 629 4268 talia
645 4201 784 4268 foedera
804 4200 917 4267 moliti
936 4201 1003 4266 sint
1024 4201 1079 4290 (la.
1097 4206 1230 4282 30‚1-3;
1256 4205 1334 4282 39,i
1355 4202 1448 4290 etc).
1474 4207 1532 4268 Ve-

201 4329 278 4374 rum
297 4308 371 4397 ipso
398 4311 466 4373 [teo
490 4305 695 4395 disponente
717 4307 866 4375 conditio
890 4307 1010 4396 populi
1037 4307 1141 4396 plane
1165 4312 1293 4373 mutata
1319 4313 1377 4372 est.
1399 4312 1444 4373 Ex
1466 4323 1532 4396 quo

201 4415 291 4481 enim
306 4435 455 4500 regnum
470 4413 615 4480 lsraelct
628 4415 713 4480 luda
728 4413 889 4495 concidit,
909 4411 1057 4502 populus
1075 4412 1133 4478 [tui
1148 4412 1192 4478 ab
1207 4413 1285 4502 ipso
1304 4413 1447 4478 Domino
1463 4412 1531 4478 ius-

201 4541 257 4586 sus
282 4525 358 4587 erat
380 4519 417 4586 in
448 4539 595 4609 poenam
623 4518 770 4586 foederis
799 4519 916 4586 violati
950 4517 1092 4584 obedire
1120 4517 1197 4603 regi
1228 4517 1338 4584 alieno
1370 4521 1445 4602 (ler.
1476 4524 1530 4600 nt,

203 4631 244 4692 12
260 4629 359 4716 etc.);
377 4634 411 4693 et
422 4624 541 4692 exsilio
556 4625 666 4692 soluto
683 4631 782 4692 crant
798 4626 862 4692 suh
881 4625 1028 4714 imperio
1046 4629 1235 4692 Persarum.
1253 4627 1337 4689 Cum
1350 4625 1467 4710 itaque
1481 4629 1534 4690 ta-

201 4732 392 4800 bernaculo
415 4754 594 4820 regnoque
616 4732 722 4799 David
738 4731 888 4821 collapso
906 4731 1027 4799 traditi
1048 4736 1157 4796 essent
1179 4751 1199 4795 a
1218 4735 1285 4796 Deo
1305 4728 1534 4798 dominationi
