3625 5367
226 324 285 383 158
748 323 777 380 1.
800 333 892 378 utcu.
917 319 1035 389 tta-17.

225 489 336 536 Baream
358 486 459 547 vipiuti
479 483 570 534 miliia
591 486 712 534 uirorum
733 490 757 533 et
781 483 833 532 dua
880 470 917 534 είς
943 469 1043 548 Βερόαν
1068 471 1095 528 ἐν
1124 471 1208 529 εἴκοσι
1235 471 1354 549 χιλιάσιν
1383 473 1484 549 ἀνδρῶν
1514 472 1559 530 καὶ

226 575 318 624 mitiia
343 575 473 636 equitum.
497 575 523 624 5.
545 575 579 622 Et
602 574 684 623 tudes
707 578 833 637 posuerat
880 557 997 638 δισχιλίρ
1018 558 1104 638 ίππῳ.
1127 563 1156 620 5.
1177 559 1229 620 Καὶ
1248 558 1347 626 Ἰούδας
1366 551 1399 632 ἦν
1418 558 1558 640 παρεμθε·

226 670 317 714 caetra
332 665 362 711 im
375 664 455 712 Laisa
470 671 495 712 et
512 664 567 712 tria
583 661 673 733 miliia
688 663 743 711 oiri
758 660 833 709 eiecti
879 645 986 720 ύληκῶς
1020 649 1046 705 ἐν
1080 645 1186 708 ’timei
1216 648 1262 707 καὶ
1292 649 1434 728 τρισχίλιοι
1469 651 1559 728 ἄνδρες

226 766 285 803 cum
300 765 339 801 eo.
881 737 999 795 initiarat
1021 735 1079 813 μετ’
1102 739 1195 795 αὐτοῦ.

261 841 287 891 6.
306 841 339 889 Et
359 841 485 890 videraut
509 839 711 889 multitudinem
732 840 833 888 exerci-
920 825 1021 886 6.11αλ
1044 825 1098 884 ἴδον
1118 825 1148 884 τδ
1167 825 1267 897 πλῆθος
1286 829 1339 885 τῶν
1360 826 1498 902 δυνάμεων
1516 825 1556 885 ότι

226 937 267 979 tua
283 931 349 994 quio
368 929 528 978 multisunt
547 935 573 978 et
594 927 834 978 timueruutoalde
880 913 974 972 πολλοί
1000 915 1062 986 εἶσι,
1093 913 1138 972 καί
1170 913 1337 994 ἐφοόήθησαν
1368 916 1480 995 σφόδρα,
1512 915 1558 974 καὶ

226 1026 249 1068 er
272 1017 351 1067 mutu
377 1017 570 1068 subtraxeram
594 1031 620 1066 se
637 1017 669 1066 ae
690 1017 788 1066 castris
810 1023 834 1064 ιι
879 1001 1038 1080 ἐξερρύησαν
1064 1003 1156 1062 πολλοὶ
1178 1003 1231 1062 ἀπὸ
1251 1009 1298 1076 τῆς
1324 1005 1506 1082 παρεμθολῆε,
1528 1008 1557 1064 οὖ

225 1121 281 1156 mou
302 1113 488 1156 remanseram
506 1120 538 1156 ea
556 1107 666 1155 tierrici
687 1106 834 1168 actiupemti
881 1092 1089 1173 κατελείφθησαν
1117 1091 1144 1160 ἐξ
1171 1093 1258 1152 αὐτῶν
1282 1093 1343 1150 ἀλλ’
1364 1091 1381 1163 ἢ
1407 1093 1558 1154 ὀκτακόσιοι

226 1196 291 1246 oiri.
314 1195 338 1245 7.
362 1196 395 1244 Et
423 1195 494 1245 uidit
523 1197 604 1245 iudos
632 1195 701 1257 quod
725 1193 835 1257 defluxit
881 1181 982 1259 ἄνδρες.
1003 1184 1032 1241 7.
1049 1181 1102 1240 Καὶ
1125 1171 1191 1240 εἶδεν
1214 1180 1316 1249 Ἰούδας
1334 1180 1375 1240 ὅτι
1401 1183 1556 1260 ἀπερρύηὴ
1627 1185 1631 1192 ’

227 1285 356 1334 eatrcttus
366 1297 431 1333 tuuc
443 1291 466 1332 et
483 1283 582 1334 bellum
595 1282 758 1348 perurptbat
777 1297 834 1332 eum
879 1267 1039 1349 παρεμθολὴ
1055 1272 1147 1342 αὐτοῦ,
1160 1270 1205 1330 καί
1222 1274 1236 1328 ὁ
1254 1271 1371 1347 πόλεμος
1389 1270 1491 1330 itudo
1507 1273 1557 1330 αθ-

228 1380 252 1422 εε
270 1373 421 1436 comsractus
442 1379 479 1422 ert
499 1373 585 1432 corde,
604 1373 669 1434 quia
682 1385 738 1421 moa
753 1371 835 1420 habe·
880 1357 925 1415 τδν
949 1358 994 1416 καί
1018 1358 1158 1439 συνεκρίθη
1182 1363 1214 1437 τῇ
1238 1358 1346 1439 καρδίη,
1367 1360 1408 1418 ὅτι
1431 1362 1478 1418 οὐκ
1502 1350 1557 1439 εἶχε

230 1461 275 1512 bat
292 1468 394 1524 tempus
413 1461 596 1524 conprepaudi
613 1473 655 1509 cot
674 1467 699 1509 et
718 1459 836 1508 dissolu·
881 1447 973 1526 καιρόν
988 1457 1145 1525 συναγαγεῖν
1166 1446 1257 1513 αὐτοὺς
1277 1449 1321 1505 καὶ
1340 1446 1458 1519 ἐξελύθη,
1472 1451 1500 1509 8.
1513 1449 1557 1509 καὶ

229 1556 329 1610 tuaest,
342 1549 366 1598 8.
380 1557 403 1598 et
416 1551 486 1598 dixit
500 1549 543 1599 itit
555 1551 603 1612 qui
616 1550 720 1598 residui
735 1556 811 1598 eraut
826 1563 835 1597 .·
881 1525 940 1594 εἷπε
954 1545 1007 1602 τοῖς
1021 1537 1243 1616 καταλειφθεῖσιν·
1259 1537 1416 1614 ἀναστῶμεν
1436 1539 1481 1596 καὶ
1496 1541 1558 1598 α’να-

206 1651 370 1701 ,εκτροκιιεε
385 1646 409 1687 et
429 1653 519 1687 eamus
537 1639 571 1688 ad
588 1638 757 1687 aduersarios
772 1652 835 1686 uos·
881 1624 971 1702 θῶμεν
997 1625 1041 1683 ἐπὶ
1060 1623 1120 1692 τοδς
1141 1626 1309 1692 ὑπεναντίους
1329 1628 1417 1701 ἡμῶν,
1439 1625 1484 1684 tta
1505 1627 1557 1706 ἄρα

229 1734 292 1787 tros,
306 1728 331 1776 ci
343 1728 490 1790 poterimus
506 1740 630 1791 pupuare
644 1728 770 1777 adversus
782 1741 833 1776 eos.
881 1713 1020 1790 δυνώμεθα
1043 1716 1195 1790 πολεμῆσαι
1224 1713 1329 1781 αὐτούς.
1354 1719 1384 1775 9.
1412 1715 1467 1774 Καί
1491 1715 1556 1774 ἀπί-

228 1816 254 1866 9.
271 1816 304 1864 Et
317 1817 474 1865 avertebant
488 1830 546 1865 eum
563 1817 679 1866 diceutes
695 1831 703 1865 .·
721 1830 777 1866 ποτε
789 1830 835 1880 po·
881 1805 998 1883 στρεψαν
1028 1801 1107 1861 αύτδν
1129 1801 1259 1880 λέγοντες·
1285 1805 1315 1861 οὐ
1345 1800 1383 1880 μὴ
1407 1802 1555 1882 δυνώμεθα,

228 1905 348 1964 terimus,
367 1907 411 1954 ted
437 1904 579 1954 liberemus
604 1905 710 1953 animas
729 1910 835 1953 nostrat
882 1893 941 1950 ἀλλ’
961 1891 979 1963 ἢ
998 1890 1125 1968 σῶξωμευ
1147 1890 1193 1960 τδς
1215 1895 1315 1950 ἑαυτῶν
1337 1890 1425 1973 ψυχδς
1448 1893 1478 1952 τδ
1501 1883 1562 1963 νῦν(

227 1994 346 2042 modoet
366 1999 534 2042 reuertamur
554 1993 589 2042 od
611 1992 711 2057 fratrea
730 1998 835 2041 nostros
881 1980 1081 2061 ἕπεστρίψωμεν
1107 1980 1246 2057 μετὰτῶν
1269 1982 1390 2063 ἀδελφῶν
1411 1985 1488 2056 ἡμῶν
1511 1983 1557 2041 καὶ

227 2089 251 2131 et
272 2088 334 2130 tuuc
353 2082 538 2149 pupmabimur
561 2083 688 2130 aduersus
708 2094 767 2139 eos,·
787 2095 835 2129 uas
880 2068 1076 2143 πολεμήσωμεν
1103 2069 1167 2148 πρὸς
1186 2067 1289 2142 αιἰτοθς,
1309 2077 1386 2147 ἡμεῖς
1409 2069 1437 2128 δί
1460 2071 1554 2150 ὀλίγοι.

228 2178 316 2220 autem
334 2172 416 2234 pauci
434 2185 536 2220 tumus.
556 2169 597 2220 10.
614 2171 647 2218 Et
667 2171 707 2218 ait
729 2170 833 2218 Iudas:
882 2160 930 2218 10.
947 2158 1001 2217 Καὶ
1019 2147 1089 2216 εἶπεν
1108 2157 1219 2226 Ἰούδας·
1238 2157 1276 2236 μή
1296 2181 1340 2234 μοι
1360 2158 1462 2236 γίνοιτο
1482 2163 1558 2230 ποιῆ-

229 2260 299 2308 abtit
317 2261 399 2308 irtam
417 2235 473 2308 rem
491 2259 580 2324 facere
599 2265 628 2308 ut
648 2258 785 2322 sapiamus
802 2258 834 2306 ob
882 2269 928 2304 σαι
956 2245 986 2304 τὀ
998 2254 1111 2326 πρᾶγμα
1131 2251 1217 2320 τοῦτο,
1234 2247 1324 2328 φυγεῖν
1341 2250 1387 2306 ἀπ’
1402 2249 1499 2324 αὐτῶν,
1512 2249 1558 2307 καὶ

228 2348 282 2408 eit,·
300 2349 363 2396 etsi
384 2349 560 2413 appropiavit
580 2354 682 2412 tempus
703 2354 833 2406 moctrum,
882 2335 906 2392 εί
927 2333 1036 2414 ἤγγικεν
1058 2339 1072 2392 θ
1100 2335 1190 2416 καιρός
1212 2339 1291 2413 ἡμῶν
1313 2336 1359 2396 καί
1382 2337 1556 2413 ἀποθάνωμεν

228 2437 377 2486 moriamur
407 2438 439 2486 iu
465 2437 565 2486 virtute
592 2442 705 2501 propter
736 2436 834 2501 fratrea
881 2425 908 2481 ἕν
937 2423 1045 2505 ἀνδρεία
1068 2425 1147 2504 χάριν
1174 2427 1228 2483 τῶν
1259 2425 1380 2505 ἀδελφῶν
1402 2429 1479 2498 ἡμῶν
1510 2424 1556 2483 καί

227 2532 332 2576 uottros
347 2532 370 2574 et
382 2524 601 2590 mouiuteramut
616 2502 717 2574 crimea
731 2525 835 2588 pieriae
882 2512 920 2589 μὴ
942 2512 1134 2590 καταλίπωμεν
1158 2513 1244 2573 αἰτίαν
1265 2518 1297 2593 τῇ
1320 2513 1379 2593 δόξῃ
1400 2518 1487 2590 ἡμῶν.

228 2620 347 2664 nostrae.

267 2703 309 2753 11.
328 2703 361 2751 Et
382 2704 465 2752 maoit
488 2705 619 2752 exercitur
638 2705 670 2752 de
693 2704 788 2752 castris
810 2711 835 2751 et
923 2693 968 2750 11.
980 2691 1036 2752 Καί
1047 2695 1148 2771 ἀπῆρεν
1168 2697 1184 2762 ἡ
1200 2689 1311 2767 δύναμις
1328 2689 1381 2750 ἀπὸ
1394 2695 1441 2762 τῆς
1453 2714 1557 2770 παρεμ·

227 2797 357 2840 steterumt
385 2790 444 2839 iiiii
473 2791 590 2852 obuiam,
612 2797 636 2839 et
662 2792 746 2840 diuisi
771 2799 834 2840 sunt
880 2779 961 2852 όολῆς
997 2782 1041 2839 καὶ
1074 2780 1188 2850 ἔστησαν
1217 2785 1253 2846 εἰς
1281 2780 1437 2852 συνάντησιν
1470 2785 1557 2848 αὐτοῖς

227 2879 327 2940 equitet
347 2879 377 2927 in
397 2879 464 2926 duas
483 2885 576 2942 parter
599 2887 624 2928 et
646 2877 833 2942 fundibularii
879 2869 925 2926 καί
945 2867 1070 2946 ἐμερίσθη
1092 2873 1109 2939 ἡ
1130 2869 1212 2933 ἵππος
1237 2872 1274 2935 εἰς
1295 2865 1341 2928 δύο
1365 2868 1433 2949 μίρη
1461 2869 1506 2929 καὶ
1532 2870 1556 2927 οἱ

226 2974 251 3017 et
283 2966 426 3029 capittarii
455 2967 602 3029 praeibant
635 2947 778 3015 exercitum
809 2975 834 3015 et
880 2958 1053 3036 σφενδονῆται
1069 2957 1112 3014 καὶ
1130 2963 1154 3016 σί
1171 2956 1276 3026 τοξόται
1289 2959 1497 3036 προεπορεύοντο
1511 2961 1556 3028 τῆς

223 3056 309 3121 primi
324 3055 480 3103 certamimis
496 3060 728 3118 omueapotentet.
880 3044 1016 3120 δυνάμεως
1044 3043 1090 3105 καί
1116 3047 1139 3103 οἱ
1163 3046 1385 3125 πρωταγωνισταὶ
1411 3049 1508 3112 πάντες
1533 3051 1556 3105 οἱ

879 3133 994 3196 δυνατοί.

264 3233 304 3284 ¹2.
325 3233 468 3282 Bacchides
493 3239 582 3284 autem
606 3239 664 3282 erat
687 3233 719 3281 iu
741 3233 833 3282 deutra
920 3225 968 3282 12.
997 3222 1134 3303 Βακχίδης
1157 3220 1185 3282 δδ
1204 3215 1237 3294 ἦν
1260 3226 1286 3283 ἐν
1309 3229 1348 3303 τῷ
1369 3223 1444 3304 δεξιῷ
1463 3223 1555 3305 κε’ρατι

224 3336 307 3372 cornu
335 3328 360 3370 et
387 3323 556 3386 proximavit
581 3321 651 3384 iepio
675 3334 705 3371 ea
730 3322 833 3372 duabus
878 3313 925 3369 καὶ
953 3311 1061 3390 ἤγγισεν
1083 3319 1099 3385 ἡ
1128 3311 1231 3390 φοίλαγξ
1250 3315 1280 3372 ἐκ
1307 3317 1359 3373 τῶν
1382 3313 1427 3373 δύο
1455 3317 1555 3393 μερῶν,

223 3411 349 3474 partibus
365 3417 388 3458 et
404 3411 560 3459 clamabant
576 3411 664 3468 tubis,·
688 3410 728 3460 13.
743 3411 833 3460 cacia·
878 3399 926 3458 καί
954 3399 1069 3482 ίφιθνουν
1097 3402 1154 3468 ταῖς
1177 3401 1308 3479 σάλπιγξι·
1334 3405 1383 3463 13.
1410 3402 1456 3462 καί
1477 3402 1555 3462 tati-

225 3505 467 3548 maoeruutautem
481 3505 505 3548 et
521 3500 607 3562 θῖηκι·
622 3506 832 3563 erauteapartc
878 3511 962 3548 πεσαν
1004 3491 1027 3548 οἱ
1065 3489 1139 3568 παρδι
1179 3489 1266 3552 Ἰούδα
1311 3491 1356 3550 καί
1396 3490 1472 3550 αὐτοὶ
1498 3497 1556 3557 ταῖς

224 3588 307 3637 Iudae
326 3586 408 3636 etiam
425 3589 490 3652 ipsi,
506 3595 531 3637 et
553 3595 680 3638 commota
702 3595 739 3636 ert
760 3594 833 3638 terra
879 3575 1006 3656 σάλπιγξι
1038 3577 1083 3636 καλ
1123 3579 1250 3650 ίσαλεύθη
1293 3583 1309 3650 ἡ
1349 3583 1384 3658 γῆ
1422 3579 1475 3638 ἅπδ
1509 3584 1556 3651 τῆς

225 3691 242 3724 a
267 3690 328 3727 occe
354 3678 524 3735 exercituum,
548 3685 573 3726 et
602 3678 767 3727 commissum
795 3685 832 3726 est
878 3669 967 3745 φωνῆς
990 3668 1042 3724 τῶν
1063 3665 1253 3745 παρεμόσλῶν,
1277 3668 1321 3727 καὶ
1344 3669 1446 3744 ἐγένετο
1470 3667 1554 3727 ὁπό-

222 3766 356 3830 proelium
378 3780 395 3814 a
418 3781 496 3815 mane
518 3780 600 3828 araque
625 3767 661 3816 ad
682 3781 829 3830 uesperam.
877 3758 957 3832 λεμος
982 3755 1148 3831 συνημμένος
1176 3757 1229 3815 ἀπὸ
1257 3753 1369 3835 πρωΐθεν
1400 3757 1451 3823 ἕως
1476 3758 1554 3816 ἑσπέ-

227 3853 399 3904 tratactu
416 3855 832 3920 ludosquodfirmiorestparc
879 3867 935 3921 ρας.
967 3845 1011 3904 11.
1044 3844 1097 3904 Καὶ
1125 3834 1192 3904 εἶδεν
1221 3845 1323 3912 Ἰούδας
1349 3845 1389 3904 ότι
1420 3846 1556 3926 Βακχίδης

223 3945 352 3991 exercitus
373 3944 516 3991 Bacchidis
537 3945 567 3991 in
591 3944 703 4003 dextris,
724 3952 749 3991 et
769 3958 831 3992 cort·
878 3933 974 3990 καὶτὸ
1002 3933 1139 4011 στερέωμα
1165 3939 1211 4006 τῆς
1240 3935 1416 4014 παρεμὸσλῆς
1445 3938 1472 3994 ἐν
1501 3935 1555 4000 τσῖς

221 4038 351 4080 verterunt
385 4045 443 4078 cum
473 4032 532 4093 ipso
567 4045 655 4081 οιιιεεει·
682 4021 832 4080 σοεεσεσιιισε
879 4020 979 4096 δεξιοῖς,
996 4021 1042 4079 καί
1062 4024 1190 4093 συνῆλθον
1205 4026 1275 4104 αὐτῷ
1302 4025 1399 4091 πάντες
1424 4026 1448 4083 οί
1474 4023 1554 4106 εὔψυ-

221 4119 308 4168 corde.
329 4118 368 4167 15.
383 4118 417 4166 Et
440 4119 558 4167 coutrita
579 4126 616 4168 est
636 4121 745 4168 dextera
766 4133 831 4183 porr
876 4132 922 4189 χοι
958 4113 991 4189 τῇ
1026 4111 1134 4190 καρδίφ.
1172 4115 1218 4172 15.
1261 4115 1316 4173 Καὶ
1350 4112 1490 4194 συνεκρίθη
1526 4113 1555 4170 τδ

220 4207 255 4255 σθ
279 4207 317 4255 eis
339 4214 363 4256 et
388 4214 541 4270 persecutus
565 4215 602 4256 eat
626 4223 668 4257 eos
692 4223 774 4271 ιισηιω
796 4208 830 4257 od
877 4196 958 4266 δεξιὸν
980 4197 1059 4278 κέρας
1081 4201 1128 4257 ἀπ’
1153 4203 1251 4274 αὐτῶν,
1272 4201 1316 4261 καὶ
1338 4203 1446 4261 ἐδίωκον
1470 4201 1555 4261 ὀπίσω

219 4302 334 4346 montem
358 4297 447 4347 Arati.
473 4297 514 4346 16.
535 4297 568 4346 Et
592 4299 639 4361 qui
660 4299 692 4346 ira
719 4298 830 4347 sinistro
878 4289 965 4346 αὐτῶν
986 4287 1035 4356 ἕως
1057 4287 1170 4356 Ἀζώτου
1183 4291 1267 4369 όρους.
1287 4293 1334 4353 16.
1355 4290 1410 4350 Καί
1434 4294 1508 4358 οἱείς
1526 4289 1556 4348 τδ

219 4401 303 4437 cornu
326 4393 414 4453 eraut,
437 4388 564 4437 uiderunt
589 4388 659 4449 quad
686 4389 830 4436 contritum
877 4377 1014 4457 ἀριστερὸν
1035 4376 1114 4457 κε’ρας
1130 4379 1186 4438 ἴδον
1205 4379 1246 4439 ὅτι
1264 4377 1404 4461 συνετρίθη
1421 4379 1452 4438 τό
1474 4377 1556 4447 δεξιὸν

219 4485 257 4526 est
277 4479 399 4527 dextrum
424 4491 507 4526 cornu
531 4485 555 4527 et
580 4479 664 4527 secuti
684 4485 746 4526 suut
769 4484 829 4542 post
876 4465 956 4544 κε’ρας
982 4465 1027 4526 καί
1058 4465 1225 4549 ἐπέστρεψαν
1257 4469 1326 4528 κατδι
1358 4470 1440 4536 πόδας
1470 4467 1555 4530 Ἰούδα

218 4567 314 4616 Iudam
337 4576 361 4617 et
387 4581 429 4617 eos
454 4568 501 4630 qui
529 4582 587 4617 cum
616 4569 674 4633 ipso
698 4572 787 4625 eraut,
812 4581 828 4615 a
876 4557 922 4614 καί
940 4560 993 4615 τῶν
1009 4555 1068 4632 μετ’
1088 4559 1167 4617 αὐτοῦ
1183 4563 1212 4618 tx
1231 4557 1415 4620 τῶνόπισθεν.
1435 4561 1482 4620 17.
1501 4555 1556 4617 Καὶ

221 4663 303 4719 εετρο.
328 4657 609 4720 17.Etiu9raoatum
634 4664 673 4706 est
694 4656 829 4720 praetium
875 4643 1006 4722 ἕὸαρύνθη
1038 4649 1052 4703 θ
1085 4647 1210 4724 πόλεμος,
1233 4647 1278 4706 καί
1308 4649 1403 4707 ἔπεσον
1432 4671 1554 4726 τραυμα-

220 4752 244 4794 et
263 4745 413 4794 cecideruut
433 4746 570 4796 uulnerati
593 4745 672 4796 multi
692 4761 722 4794 ea
742 4747 784 4794 his
804 4753 826 4794 et
874 4734 929 4792 τίαι
948 4733 1042 4794 πολλοὶ
1066 4736 1096 4794 ἐκ
1117 4735 1216 4796 τούτων
1240 4737 1287 4796 καὶ
1313 4739 1343 4796 ἐκ
1368 4738 1477 4797 τούτων·
1505 4738 1553 4796 18.
