3625 5367
1501 6 1798 208 Ἢ

288 502 381 592 quod
408 523 470 568 suo
499 501 573 567 iure
600 523 658 566 rex
685 505 863 589 tamquam
889 499 957 565 sibi
983 499 1139 566 debitum
1166 498 1337 589 postulare
1365 501 1485 588 possit,
1513 497 1618 567 etiam

289 608 516 675 condonatur.
544 612 686 696 Insuper
714 606 858 697 spondet
881 628 952 686 rex,
976 627 1051 674 cum
1078 626 1226 692 regnum
1247 604 1436 672 obtinuerit
1460 643 1504 655 -
1525 637 1620 674 κασσι-

288 725 440 798 στήσωμεν
456 724 509 797 σὴν
524 721 674 795 βασιλείαν
689 733 838 801 regnum
851 711 1136 794 ordinaverimus,
1152 716 1173 778 S
1186 733 1264 780 cum
1279 713 1499 780 constitutum
1515 711 1616 779 luerit

274 841 434 907 regnum
453 825 607 887 nostrum
621 842 715 886 -se
730 819 834 886 etiam
851 817 1042 886 maioribus
1059 818 1248 886 honoribus
1264 823 1298 885 et
1309 818 1484 886 favoribus
1499 841 1620 910 prose-

287 933 448 994 cuturum
462 949 534 994 esse
554 927 738 1005 Simonem,
756 932 909 1012 gentem,
924 925 1102 1016 templum.
1121 923 1241 1013 Utique
1258 925 1425 1014 quamdiu
1441 947 1498 992 rex
1514 929 1612 1015 putat

287 1033 432 1100 ludaeos
451 1033 517 1100 sibi
538 1055 636 1123 posse
656 1054 728 1100 esse
749 1032 850 1099 utiles
870 1032 916 1099 ad
938 1053 1036 1121 opem
1058 1028 1250 1114 ferendam,
1267 1031 1367 1098 valde
1387 1031 1541 1100 liberalis
1565 1037 1617 1100 est

288 1161 326 1206 ac
346 1139 552 1226 magnificus
571 1140 608 1206 in
627 1138 749 1206 dandis
765 1138 954 1228 promissis,
970 1159 1058 1226 quae
1080 1143 1196 1205 tamen
1220 1137 1336 1205 omnia
1358 1137 1518 1226 negligit,
1531 1139 1616 1206 abii·

283 1245 343 1324 cit,
358 1246 529 1335 repudiat,
548 1267 652 1336 quam
674 1245 828 1334 primum
846 1267 881 1311 se
898 1245 968 1311 iam
989 1266 1060 1311 non
1082 1243 1239 1332 indigere
1260 1245 1387 1312 auxilio
1409 1244 1613 1312 ludaeorum

285 1351 462 1441 perspicit.

328 1465 424 1524 Anno
447 1465 510 1524 17Ιν
529 1458 592 1526 sel.
609 1458 632 1524 i.
651 1479 681 1524 e.
697 1480 789 1525 anno
810 1463 958 1525 139-138
975 1462 1056 1526 ante
1075 1458 1154 1525 Chr.
1170 1457 1358 1526 Antiochus
1378 1457 1523 1524 venitin
1542 1464 1613 1524 ter-

282 1585 357 1630 ram
385 1570 523 1654 patrum
554 1586 697 1632 suorum
721 1586 741 1632 a
768 1565 935 1649 Seleucia,
961 1563 1136 1653 adquam
1162 1564 1283 1631 urbem
1306 1564 1470 1631 invitatus
1492 1571 1566 1632 erat
1592 1587 1611 1632 e

282 1670 460 1761 Cleopatra
474 1671 613 1759 regino3
630 1672 740 1738 maior
754 1693 835 1761 pars
852 1671 1029 1761 copiarum
1045 1671 1091 1737 ad
1112 1670 1184 1739 eius
1200 1676 1316 1760 partes
1333 1669 1476 1738 accessit
1491 1670 1611 1738 relicto

280 1777 477 1866 Tryphone3
500 1777 688 1846 Antiochus
707 1784 823 1845 sutem
848 1777 1069 1867 Tryphonem
1091 1776 1222 1867 proelio
1241 1776 1370 1844 victum
1394 1799 1412 1843 e
1434 1777 1611 1867 superiore

280 1883 379 1969 Syria
396 1885 496 1950 eiecit
518 1885 555 1950 in
577 1883 809 1964 Phoenicium,
834 1890 868 1952 et
889 1906 930 1950 eo
955 1905 1062 1973 usque
1088 1889 1288 1972 persecutus
1308 1882 1407 1951 illum
1432 1883 1612 1950 obsidione
1646 1923 1648 1930 ,

280 1987 385 2055 cinxit
400 1989 437 2054 in
454 1995 554 2070 nors,
576 2012 645 2078 quo
667 2012 702 2056 se
726 1991 809 2076 fuge
832 1995 1024 2078 receperat,
1040 1989 1216 2080 praesidio
1241 1989 1393 2079 quodam
1414 1995 1610 2080 expugnatu

278 2093 412 2161 difficili
428 2095 614 2184 (losephUS,
632 2101 707 2162 Ani.
725 2099 868 2185 13,7,2),
883 2100 926 2176 εἰς
952 2099 1044 2185 Δωρά
1062 2106 1116 2178 τὴν
1132 2103 1180 2164 ἐπὶ
1201 2115 1254 2181 τῆς
1271 2102 1438 2180 θαλάσσρς;
1457 2101 1506 2162 esi
1524 2096 1611 2165 urbs

279 2200 323 2268 ad
341 2201 436 2268 littus
459 2202 564 2269 maris
585 2201 830 2269 mediterranei
849 2204 939 2268 inter
957 2204 1154 2270 Caesaream
1184 2208 1217 2269 et
1239 2203 1515 2292 promontorium
1531 2207 1612 2270 Car-

280 2307 373 2388 meli,
399 2308 503 2375 hodie
536 2312 697 2392 Tentura,
727 2313 883 2376 Tortura.
910 2309 995 2376 Urbs
1018 2313 1110 2376 terra
1139 2309 1295 2399 marique
1321 2309 1606 2400 oppugnabatur;

279 2427 410 2500 συνῆψαν
427 2415 471 2481 of.
492 2422 524 2498 t,
550 2420 602 2479 ti.
624 2421 669 2482 [le
685 2415 769 2503 fuga
786 2415 979 2505 Tryphonis
994 2417 1099 2483 refert
1115 2419 1198 2504 Lep.
1222 2416 1316 2504 quod
1337 2418 1515 2484 Frontinus
1530 2439 1610 2484 nar-

180 2574 184 2580 ,
278 2526 331 2588 rat
347 2521 510 2609 (Stratag.
527 2522 640 2609 2,13):
655 2523 817 2612 Tryphon
842 2523 960 2610 Syriae
978 2545 1036 2590 rex
1051 2545 1114 2613 per
1133 2519 1241 2589 totum
1259 2522 1325 2588 iter
1349 2522 1484 2610 fugiens
1505 2545 1610 2613 pecu-

32 2620 40 2668 J
277 2626 368 2694 niam
393 2628 516 2718 sparsit
533 2649 642 2718 eaque
659 2633 827 2697 sectantes
846 2629 1008 2698 Antiochi
1026 2629 1159 2720 equites
1178 2633 1330 2696 moratus
1347 2629 1476 2716 effugit.

286 352 348 412 230
831 353 860 409 l.
883 366 977 410 ulcu.
1003 349 1138 418 tas-m.

472 2882 519 2936 10.
542 2877 622 2952 Quas
638 2879 748 2938 litteras
761 2878 892 2939 Romani
902 2898 957 2958 pro
972 2877 1094 2940 Iudaeis
1107 2877 1238 2952 dederint
1251 2883 1408 2951 lato-24.

315 3081 403 3141 15,15.
425 3083 502 3130 t'eait
522 3089 609 3131 autem
626 3085 774 3133 Numenius
792 3091 816 3133 et
836 3086 882 3147 qui
972 3085 1072 3152 13,15.
1098 3082 1153 3142 Καὶ
1177 3073 1239 3154 ἦλθε
1262 3082 1410 3158 Νουμήνιος
1431 3083 1476 3142 καί
1496 3086 1519 3141 σί
1541 3085 1607 3164 παρ’

275 3182 333 3218 cum
347 3183 376 3219 eo
395 3169 503 3233 [terrant
522 3172 555 3220 ab
570 3172 635 3222 urbe
649 3174 741 3233 Romo,
756 3173 882 3223 hebentes
930 3171 1008 3230 αὐτοῦ
1025 3173 1054 3230 ἐκ
1069 3169 1178 3246 Ῥώμης
1191 3171 1294 3250 ἔχοντες
1307 3171 1448 3238 ίπιστολδς
1459 3181 1512 3237 τοῖς
1525 3177 1606 3252 βασι-

274 3259 401 3322 eptstolos
416 3260 523 3322 regibus
539 3269 562 3310 et
582 3262 737 3324 ropionibus
752 3263 878 3327 scriptos,
927 3261 1000 3318 λιῠσι
1030 3261 1076 3318 καὶ
1107 3267 1165 3326 ταῖς
1196 3259 1306 3338 χώραις,
1329 3264 1354 3318 ἐν
1384 3251 1424 3327 ale
1454 3263 1603 3341 ἐγέγραπτο

275 3348 305 3398 in
324 3349 420 3411 quihus
439 3350 646 3400 continebantur
665 3351 728 3400 haec
745 3366 752 3400 :
772 3351 812 3401 16.
830 3355 880 3401 lu·
927 3348 1002 3409 τάδε.

274 3437 330 3486 cius
347 3437 439 3487 consul
458 3440 637 3489 horreariorum
655 3439 804 3489 Ptolemaeo
822 3443 880 3504 rapi
969 3439 1016 3499 lli.
1034 3435 1144 3502 Λεύκιος
1163 3435 1260 3504 ὕπατος
1278 3435 1421 3516 Ῥωμαίων
1441 3439 1605 3520 Πτολεμαίῳ

275 3525 398 3577 sulutem.
927 3528 1033 3605 βασιλιῖ
1047 3523 1163 3605 χαίρειν.

313 3614 353 3663 li.
380 3617 473 3677 nepoti
502 3616 661 3665 ludaeorum
689 3626 818 3668 venerunt
845 3621 879 3668 od
968 3617 1015 3674 l'l.
1040 3617 1075 3674 Oi
1104 3613 1264 3693 πρεσὸευταὶ
1287 3617 1340 3673 τῶν
1363 3614 1500 3676 Ἰουδαίων
1524 3609 1604 3689 ἦλθον

174 3720 178 3724 -
272 3717 321 3751 nos
342 3704 423 3752 amici
446 3707 534 3753 nostri
555 3714 712 3756 renovantes
733 3709 879 3770 pristinem
925 3703 990 3780 πρὸς
1012 3708 1083 3779 ἡμᾶς
1107 3701 1177 3784 φίλοι
1200 3707 1277 3779 ἡμῶν
1298 3704 1343 3762 καὶ
1365 3704 1512 3785 σύμμαχοι,
1531 3707 1600 3764 ἀνα-

273 3793 421 3841 omicitiem
436 3801 460 3842 et
476 3795 637 3856 societatem,
649 3797 725 3846 missi
739 3811 757 3846 ο
770 3798 877 3848 Simone
924 3791 1057 3868 νεούμινοι
1071 3793 1117 3864 τὴν
1131 3789 1157 3860 ἐξ
1172 3793 1257 3870 ἀρχῆς
1269 3792 1356 3869 ριλίαν
1371 3793 1416 3852 καὶ
1431 3793 1603 3874 συμμαχίαν,

271 3882 394 3946 principe
416 3885 582 3932 sacerdotum
601 3891 625 3933 et
644 3884 743 3948 populo
763 3886 877 3936 Iudaeo·
925 3881 1122 3956 ἀπεσταλμένοι
1153 3879 1205 3939 ἀπδ
1238 3881 1358 3956 Σίμωνος
1383 3888 1427 3942 τοῦ
1456 3884 1602 3962 ἀρχιερέως

273 3983 339 4019 rum.
364 3970 405 4020 18.
426 3971 580 4036 attulerunt
601 3980 689 4021 cutem
710 3979 735 4022 et
756 3975 878 4038 clypeum
924 3968 970 4026 καί
987 3974 1033 4027 τοῦ
1053 3969 1139 4044 δήμου
1160 3971 1212 4027 τῶν
1228 3967 1373 4031 Ἰουδαίων.
1394 3973 1440 4030 18.
1461 3971 1600 4050 Ἦνεγκαν

270 4070 381 4106 aureum
413 4073 538 4108 maurum
570 4060 654 4110 mille.
696 4062 736 4111 ¹9.
770 4064 876 4113 Placuit
925 4057 951 4114 δὲ
963 4057 1062 4116 ἀσπίδα
1078 4057 1243 4137 χρυσῆνάπὸ
1254 4061 1324 4136 μνῶν
1340 4059 1442 4138 χιλίων.
1455 4059 1599 4140 19.Ἢρε-

269 4146 360 4204 itaque
383 4146 459 4193 nobis
481 4147 595 4196 scribere
617 4149 724 4212 reqihus
743 4157 767 4199 et
787 4153 876 4214 regio·
924 4168 968 4204 esu
987 4135 1032 4204 οὗν
1051 4151 1116 4222 ἡμῖν
1135 4147 1235 4228 γράψαι
1252 4155 1305 4215 τοῖς
1327 4151 1464 4227 βασιλεῦσι
1478 4149 1524 4208 καί
1539 4153 1600 4216 ταῖς

268 4232 357 4290 nibus,
372 4241 400 4282 ιιι
415 4235 602 4298 assisterent
617 4236 678 4287 iliis
693 4239 775 4300 molo,
792 4255 876 4305 neque
923 4233 1024 4313 χώραις
1047 4236 1118 4303 ὅπως
1141 4237 1179 4312 μὴ
1203 4237 1382 4308 ἐκζητήσωσιν
1404 4241 1491 4305 αὐτοῖς
1514 4239 1598 4308 κακὰ,

268 4323 426 4386 impugnent
440 4338 482 4373 eos
499 4331 523 4374 et
541 4326 662 4375 ciuitates
682 4341 773 4377 eorum
792 4336 816 4378 et
834 4345 877 4381 re·
923 4324 968 4381 καί
991 4324 1028 4400 μὴ
1052 4325 1239 4402 πολεμήσωσιν
1263 4327 1356 4393 αὐτοὺς
1376 4329 1420 4386 καί
1442 4326 1488 4395 τὰς
1510 4327 1601 4396 πόλεις

268 4413 359 4474 ptores
381 4427 480 4467 eorum,
506 4421 530 4463 et
550 4421 579 4464 ut
602 4431 657 4465 noa
680 4417 770 4482 ferent
795 4423 876 4469 ausi·
923 4413 1010 4470 αὐτῶν
1026 4411 1071 4471 καὶ
1085 4411 1132 4484 τὴν
1146 4411 1237 4494 χώραν
1252 4415 1348 4487 αὐτῶν,
1359 4415 1402 4475 καί
1416 4414 1459 4475 ίνα
1477 4418 1514 4491 μὴ
1527 4439 1599 4495 συμ-

269 4500 334 4550 lium
348 4504 535 4566 pugnantibus
553 4505 680 4554 aduersus
696 4521 748 4557 eos.
766 4508 810 4558 20.
830 4509 875 4558 Vi·
924 4499 1068 4578 μαχήσωσι
1081 4509 1133 4568 τοῖς
1145 4506 1304 4580 πολεμοῦσιν
1321 4505 1424 4572 αὐτούς.
1439 4509 1487 4568 20.
1502 4503 1597 4574 Ἔδοξε

268 4604 325 4638 aum
354 4599 441 4642 etitem
466 4599 502 4642 est
531 4593 616 4643 nohis·
633 4597 751 4659 accipere
780 4598 813 4646 ab
838 4601 875 4646 eis
923 4589 949 4648 δὲ
974 4593 1038 4666 ἡμῖν
1067 4589 1188 4660 δέξασθαι
1211 4591 1260 4666 τὴν
1284 4595 1382 4652 ἀσπίδα
1406 4595 1471 4674 παρ’
1495 4596 1594 4654 αὐτῶν.

267 4679 397 4742 clypeum.
430 4681 472 4731 21.
503 4683 533 4730 Si
562 4685 609 4744 qai
635 4697 697 4746 erqo
722 4685 875 4750 pestilentes
923 4679 971 4736 ⁶21.
989 4677 1023 4738 El
1034 4703 1101 4747 τινες
1116 4669 1160 4740 οὖν
1177 4681 1264 4758 λοιμοὶ
1281 4683 1486 4762 διαπεφεύγασιν
1505 4686 1535 4742 ἐκ
1552 4689 1601 4756 τῆς

267 4767 423 4829 refugerunt
446 4771 476 4818 de
495 4772 602 4833 regione
622 4772 742 4836 ipsorum
762 4775 796 4824 ed
820 4791 873 4829 eos,
907 4767 1010 4847 1χώρας
1034 4770 1120 4830 αὐτῶν
1148 4770 1212 4848 πρὸς
1237 4773 1317 4846 ὑμᾶς,
1339 4773 1474 4851 παράδοτε
1502 4771 1600 4840 αὐτοὺς
