3625 5367
271 356 311 448 911
794 356 823 412 1.
847 368 939 412 arcu.
963 352 1079 420 1,1-11.

272 504 381 572 millia
395 503 552 593 peditum
568 508 601 569 et
619 502 715 569 mille
730 501 864 591 equites
882 521 1009 590 eosque
1023 505 1128 566 noctu
1142 499 1240 567 iussit
1254 497 1436 588 proficisci,
1456 511 1474 582 ἡ
1489 527 1606 586 παρομ-

272 619 346 694 cett,
366 609 544 691 exercitIIS,
561 609 685 676 cohors
703 608 763 675 illa
779 612 883 674 noctu
896 606 1060 688 discessit,
1079 611 1153 675 ὥστε
1173 615 1324 674 &ustulata
1343 611 1390 673 ἐπὶ
1411 613 1605 693 παρεμὸολήν

272 723 310 784 ut
334 715 372 782 in
398 722 511 784 castra
536 715 740 783 Iudaeorum
770 714 943 781 irruerent
969 734 1097 802 eosque
1122 718 1261 803 repente
1288 717 1516 802 percuterent.
1544 711 1606 789 Qui

273 825 408 890 viarum
423 823 524 909 gnari
537 828 646 900 erant,
659 826 779 911 utpote
794 823 865 887 iam
880 819 1010 887 diutius
1029 818 1066 886 in
1080 819 1207 888 Iudaea
1221 823 1254 886 et
1267 819 1303 885 in
1318 817 1490 908 praesidio
1502 817 1605 898 arcis,

273 941 299 999 οἱ
315 937 369 998 υἱοὶ
387 947 441 1013 τῆς
461 937 567 1017 ἄκρος,
584 928 646 1016 qui
662 927 883 1017 pertinebant
905 927 951 994 ad
971 948 1097 1010 arcem,
1122 925 1226 994 duces
1245 931 1343 992 erant
1361 923 1493 992 itineris
1512 947 1531 990 a
1551 946 1607 991 ca-

272 1037 350 1104 stris
362 1041 524 1122 Syrorum
539 1033 585 1101 ad
599 1040 711 1101 castra
725 1032 941 1101 Iudaeorum.
961 1037 1025 1100 IIos
1038 1032 1143 1100 duces
1156 1033 1259 1100 fuisse
1272 1032 1414 1099 Iudaeos
1428 1032 1602 1121 perfugas,

273 1149 447 1232 apostatas
465 1141 629 1232 Iosephus
651 1140 787 1220 asserit3
810 1140 886 1230 ipsa
900 1139 1051 1207 dictione
1067 1139 1092 1206 ii
1113 1139 1223 1206 solum
1245 1138 1470 1225 designantur
1485 1140 1543 1227 qui
1561 1137 1604 1204 ad

272 1270 386 1317 arcem
403 1247 632 1337 pertinuerint
652 1247 709 1336 (cl.
730 1249 836 1333 136).
854 1251 981 1313 Verum
994 1245 1094 1314 Iudas
1113 1268 1150 1312 re
1167 1250 1342 1335 comperta
1358 1245 1435 1334 (per
1448 1243 1606 1333 explora-

272 1362 375 1437 tores,
390 1352 519 1444 quibus
534 1353 587 1422 uti
603 1352 758 1442 prudens
776 1353 861 1420 belli
883 1352 954 1418 dux
972 1375 1043 1418 non
1058 1351 1198 1440 omittit)
1221 1353 1334 1418 statim
1357 1353 1432 1440 ipse
1449 1355 1484 1417 et
1496 1349 1604 1416 validi

272 1461 346 1528 eius
361 1459 546 1527 bellatores
557 1457 799 1539 discesserunt,
813 1466 851 1526 ut
868 1457 984 1549 copias
999 1457 1092 1545 regis
1104 1481 1192 1548 quae
1208 1481 1316 1548 prope
1331 1463 1511 1524 Emmaum
1527 1457 1553 1543 (s
1568 1456 1604 1523 in

273 1566 414 1653 regione
434 1565 627 1654 Emmaum)
650 1572 749 1632 erant
773 1566 830 1656 (cl.
846 1565 940 1654 3,t0)
960 1564 1058 1632 clade
1085 1569 1352 1656 prosternerent,
1367 1571 1424 1644 ἕως
1449 1575 1503 1644 ἔτι,
1521 1561 1605 1630 dum

273 1672 398 1740 milites
415 1671 528 1738 adhue
541 1679 641 1739 erant
659 1671 805 1763 dispersi
826 1676 859 1738 et
872 1671 1066 1761 palabundi
1086 1671 1338 1757 vagabantura
1357 1669 1475 1737 eastris
1494 1669 1539 1758 (r.
1556 1669 1603 1756 t).

273 1787 389 1869 Itaque
405 1778 547 1866 Gorgias
562 1783 672 1845 castra
691 1777 896 1846 Iudaeorum
916 1779 1047 1869 reperit
1065 1797 1189 1858 vacua,
1208 1777 1286 1844 illos
1300 1777 1426 1864 lugisse
1445 1782 1479 1842 et
1499 1777 1533 1842 iu
1554 1797 1606 1842 re-

272 1885 375 1972 gione
394 1893 560 1952 montana
574 1887 719 1952 Iudaeae
736 1907 807 1952 sese
826 1882 1000 1951 abdidisse
1019 1890 1118 1974 putat
1134 1885 1180 1974 (v.
1195 1883 1247 1972 5);
1270 1905 1376 1974 quare
1391 1905 1432 1950 ec
1447 1882 1513 1949 loci
1527 1881 1606 1949 illos

272 1989 418 2080 quaerit.
443 1996 552 2058 Noctu
581 1991 680 2058 Iudas
706 1997 819 2058 castra
844 1990 1049 2080 reliquerat;
1080 2011 1180 2057 mane
1209 2012 1287 2058 cum
1314 1989 1424 2056 tribus
1451 1988 1606 2056 millibus

272 2095 414 2164 advenit
429 2096 468 2163 in
482 2097 659 2182 regionem
684 2102 922 2185 campestrem,
943 2097 981 2163 in
1000 2119 1068 2186 qua
1089 2102 1201 2164 castra
1223 2101 1320 2164 erant
1337 2095 1502 2163 exercitus
1519 2094 1603 2182 syri.

272 2209 396 2272 Verum
421 2202 546 2270 milites
567 2201 639 2270 cius
659 2202 755 2270 haud
778 2203 866 2270 bene
887 2203 1013 2270 armati
1036 2207 1135 2270 erant
1153 2203 1198 2269 ob
1219 2202 1375 2292 inopiam
1402 2202 1602 2292 (Iosephus),

273 2318 562 2394 attaminaverit.
581 2313 731 2376 attamen
747 2321 943 2399 tegumento
962 2308 987 2376 i.
1005 2333 1036 2376 c.
1053 2331 1149 2377 arma
1170 2309 1295 2399 quibus
1316 2331 1440 2398 corpus
1458 2307 1602 2394 tegitur,

274 2416 426 2507 clypeos,
454 2415 597 2496 loricas,
627 2414 761 2501 galeas,
785 2421 819 2483 et
848 2414 982 2502 gladios
1010 2437 1079 2482 non
1112 2415 1289 2483 habebant
1316 2416 1415 2496 καθὼς
1439 2421 1603 2500 ἠβούλοντο

272 2523 360 2590 sicut
384 2522 611 2611 exoptabant;
634 2543 705 2588 non
724 2528 821 2589 erant
837 2521 885 2589 ita
904 2521 1010 2590 armis
1032 2521 1201 2604 instructi,
1223 2523 1309 2589 adeo
1333 2518 1529 2612 praeclaris,
1552 2518 1603 2586 uti

273 2629 309 2697 in
324 2628 385 2695 tali
406 2650 522 2696 rerum
546 2626 741 2695 conditione
764 2627 890 2696 milites
911 2629 1034 2696 merito
1056 2628 1311 2696 desiderabant.
1330 2633 1379 2696 Ita
1401 2649 1418 2694 s
1435 2633 1574 2717 quoquc
1592 2644 1600 2691 :

272 2742 508 2802 verumtamen
521 2731 657 2822 gladios
676 2743 708 2801 et
724 2741 820 2802 scuta
832 2757 903 2802 non
920 2734 1099 2803 habebant
1121 2735 1409 2825 quemadmodum
1431 2731 1601 2799 desidera·

274 2843 369 2909 hant.
383 2845 501 2909 Fertur
512 2863 649 2930 quoque
657 2840 765 2907 altera
776 2841 876 2908 lectio
888 2842 939 2930 (in
948 2846 1002 2909 ct.
1015 2841 1071 2930 93)
1085 2851 1164 2926 πλὴν
1176 2849 1379 2926 καλυμμάτων
1389 2840 1414 2908 1.
1425 2863 1454 2906 e.
1467 2845 1605 2929 praeter

273 2969 371 3015 arma
385 2946 429 3014 ad
446 2945 632 3034 tegendum
653 2951 735 3035 apta
751 2953 784 3012 et
798 2946 932 3032 gladios
952 2968 1023 3014 non
1037 2947 1226 3028 habebant,
1244 2947 1333 3015 sicut
1353 2947 1520 3036 optabant
1544 2944 1601 3036 lad

273 3076 378 3145 quam
413 3053 648 3142 acceptionem
676 3051 809 3118 accedit
837 3057 858 3118 S
889 3073 897 3119 :
928 3075 999 3119 non
1028 3052 1220 3136 habebant,
1246 3055 1311 3120 nisi
1341 3052 1477 3139 gladios
1504 3050 1599 3138 etc).

275 3162 342 3229 Sed
360 3160 457 3250 prior
470 3159 573 3226 lectio
592 3162 626 3224 et
646 3158 849 3225 auctoritate
869 3159 1007 3226 testium
1028 3165 1062 3226 et
1082 3159 1156 3249 ipsc
1180 3181 1283 3226 sensu
1304 3159 1511 3249 praefertur.

318 3273 388 3335 Iam
414 3267 695 3354 inconspectum
722 3270 911 3331 castrorum
940 3264 1089 3331 hostium
1118 3265 1346 3340 advenerant:
1378 3271 1490 3331 castra
1518 3262 1604 3330 haec

274 3378 518 3463 conspexerant
527 3369 656 3455 valido,
671 3372 758 3438 bene
771 3371 950 3453 collocata,
966 3371 1111 3453 munita,
1126 3381 1394 3460 τεθωρακισμένην,
1413 3370 1601 3450 obvallata,

273 3478 536 3557 munitionibus,
554 3477 742 3564 aggeribus
756 3477 880 3560 cincta,
897 3480 996 3566 θώραξ
1014 3477 1150 3566 (Ilercd.
1175 3483 1293 3560 1,181;
1314 3477 1356 3542 cf.
1377 3481 1413 3542 It.
1432 3479 1522 3542 Cass.
1545 3482 1599 3556 II,

275 3586 344 3674 10),
366 3583 418 3650 uti
438 3581 547 3649 lorica
568 3581 694 3651 dicitur
712 3582 817 3650 etiam
839 3583 881 3650 de
903 3583 1094 3651 munitione
1116 3584 1217 3664 arcis,
1239 3603 1435 3664 murorum;
1452 3589 1486 3648 et
1507 3581 1602 3648 vide·

273 3693 359 3760 bant
372 3691 505 3781 equites
519 3689 611 3756 eirca
625 3694 735 3756 castra
750 3690 954 3778 equitantes,
974 3689 1111 3776 vigilias
1132 3694 1272 3777 agentes
1288 3712 1321 3756 v.
1343 3696 1375 3754 I.
1399 3692 1520 3755 Vocem
1544 3717 1604 3756 ποι-

274 3808 405 3890 ρεμὸολὴ
421 3798 488 3864 hoc
506 3795 580 3863 loco
593 3795 635 3863 de
650 3795 768 3863 castris
783 3818 855 3863 esse
871 3794 1075 3885 capiendam
1091 3795 1201 3863 elucet
1218 3794 1419 3884 cumprimis
1435 3816 1476 3860 ex
1493 3817 1525 3861 v.
1548 3801 1601 3874 13,

272 3907 309 3974 iu
328 3929 398 3994 quo
423 3907 539 3971 hostes
556 3926 575 3970 e
595 3902 716 3969 castris
742 3903 831 3967 exire
859 3901 1033 3970 dicuntur.
1056 3900 1214 3969 videntes
1236 3902 1351 3991 itaque
1376 3906 1488 3967 castra
1511 3899 1601 3966 bene

274 4013 421 4090 munita,
443 4007 575 4097 equites
598 4009 726 4096 optime
743 4014 891 4074 armatos
914 3997 1013 4074 lacile
1037 4007 1140 4075 multi
1157 4007 1281 4075 timore
1300 4007 1451 4097 quodam
1471 4005 1602 4094 corripi

274 4120 445 4206 poterant.
466 4119 574 4191 Quare
604 4113 703 4179 Iudas
730 4114 858 4179 iterum
889 4113 1044 4202 alloquio
1076 4114 1207 4180 animos
1237 4113 1370 4200 erigere
1398 4134 1437 4179 ac
1467 4113 1603 4178 consor-

275 4231 349 4291 tare
371 4220 486 4288 studet
502 4241 534 4284 v.
553 4224 652 4301 8-11;
667 4219 709 4285 iis
724 4218 760 4284 in
780 4219 982 4286 memoriam
1003 4224 1140 4286 revocat
1161 4241 1266 4309 quam
1287 4219 1374 4285 miro
1393 4217 1496 4284 modo
1518 4217 1602 4284 olim

206 4399 211 4412 ,
274 4335 388 4421 patres
411 4325 537 4394 serrati
557 4325 626 4391 sint
648 4348 667 4391 a
689 4325 926 4414 persecutione
948 4324 1041 4412 regis
1062 4326 1309 4414 Aegyptiorum
1332 4326 1386 4410 (cl.
1404 4328 1461 4390 Ex.
1488 4323 1600 4411 It,9);

274 4435 479 4502 adhortatur
504 4453 560 4498 eos
580 4452 614 4495 v.
645 4436 698 4510 10,
731 4429 834 4496 atad
858 4434 961 4495 [teum
987 4451 1104 4519 preces
1131 4429 1292 4512 lundant;
1319 4428 1470 4518 spemin
1495 4433 1602 4496 Deum

275 4535 1031 4621 misericordem,fidelemfoederisvindiccm
1042 4541 1237 4603 actutorem
1249 4535 1382 4616 excitat,
1394 4534 1453 4622 qui
1464 4539 1604 4623 paratus
1706 4593 1710 4598 .

275 4651 319 4714 sit
344 4650 388 4715 ad
408 4648 521 4713 hostes
541 4642 785 4723 conterendos,
803 4645 860 4728 agi
880 4643 972 4708 enim
994 4642 1066 4710 eius
1088 4643 1233 4730 gloriam
1253 4663 1285 4708 v.
1308 4646 1360 4720 11,
1378 4662 1459 4706 nam
1479 4646 1602 4727 gentes

276 4775 362 4843 opus
393 4774 463 4820 esse
494 4756 531 4818 ut
561 4750 792 4840 experiantur,
823 4747 980 4816 exsistere
1009 4754 1115 4816 Iteum
1145 4747 1264 4838 populi
1291 4745 1344 4811 sui
1376 4753 1598 4813 servatorem.
