3625 5367
289 335 348 394 152
818 331 846 390 l.
871 347 962 392 utcu.
987 332 1084 406 8,6·9.

288 482 400 551 manis
412 483 535 549 cedere
556 479 690 562 debuit,
710 480 771 569 qui
792 481 943 567 Mysiam,
957 480 1111 569 Lydiam,
1134 481 1322 568 Phrygiam
1342 481 1486 549 Eumeni
1502 483 1530 546 ll
1547 483 1619 568 regi

289 596 502 676 Pergameno
531 590 783 664 concesserunt,
803 587 940 673 Lyciam
966 593 999 654 et
1022 589 1156 653 Cariam
1181 609 1292 677 usque
1327 586 1373 654 ad
1403 587 1622 656 Maeandrum

290 717 427 764 amnem
442 694 571 762 civitati
588 692 802 762 Rhodiorum
816 693 873 781 (ef.
892 694 1005 760 Livius
1017 701 1134 776 37‚55;
1155 700 1267 775 38,38.
1286 699 1340 760 39.
1360 693 1478 780 Polyb.
1501 701 1620 776 21‚1t;

290 809 408 885 222&
430 801 609 891 Appianus
629 805 705 887 Syr.
728 806 787 881 383
813 800 963 867 lustinus
987 807 1078 880 3151.
1102 808 1139 879 83
1159 800 1255 867 niod.
1278 800 1337 866 sie.
1359 799 1622 887 29,10).Antio

290 910 373 976 chus
388 910 563 998 prolectus
577 911 626 973 est
640 906 685 972 ad
704 905 835 973 bellum
856 911 979 973 contra
991 913 1160 975 Romanos
1180 905 1312 973 habens
1328 913 1391 973 120
1405 906 1621 996 elephantos;

288 1015 419 1082 bellum
436 1037 516 1082 cum
532 1012 696 1080 Romanis
712 1017 825 1081 ortum
846 1017 896 1079 cst
916 1020 996 1094 1923
1012 1013 1050 1080 in
1069 1036 1187 1102 pugna
1205 1013 1251 1080 ad
1263 1013 1478 1099 Magnesiam
1491 1018 1623 1103 poterat

290 1121 452 1190 Romanis
479 1119 595 1187 adhuc
617 1140 794 1210 opponere
812 1124 853 1185 st
883 1120 1009 1206 (Livius
1037 1121 1151 1210 37,39)
1169 1127 1349 1210 postquam
1372 1119 1531 1210 pluribus
1551 1121 1622 1186 iam

290 1229 447 1296 cladibus
468 1227 616 1317 bellicus
637 1227 711 1293 eius
725 1232 913 1316 apparatus
936 1233 1012 1294 erat
1027 1227 1241 1294 imminutus.
1262 1233 1370 1305 Quare
1384 1247 1546 1294 numerus
1564 1225 1623 1293 ille

293 1341 369 1414 120,
390 1334 548 1424 quamvis
568 1341 740 1400 crescente
755 1332 846 1399 lama
858 1338 973 1422 posset
989 1339 1109 1401 auctus
1128 1332 1249 1414 videri,
1267 1342 1383 1400 tamen
1404 1355 1472 1400 uon
1491 1332 1577 1399 adeo
1602 1355 1622 1399 a

291 1439 472 1507 verisimili
491 1440 666 1507 abhorret.
683 1439 807 1506 Habuit
831 1439 1024 1528 equitatum
1046 1448 1079 1507 et
1099 1441 1377 1508 currus-falcatas
1393 1439 1467 1506 seil.
1482 1439 1621 1528 quadri-

292 1569 354 1633 gas
372 1570 459 1636 quas
483 1545 596 1613 Livius
622 1551 723 1628 37,t0
747 1546 910 1613 describit
932 1553 965 1614 et
985 1545 1329 1636 quaejstratagematc
1356 1547 1514 1613 Eumenis
1545 1567 1622 1612 mox

291 1653 328 1720 in
353 1656 445 1741 regis
467 1653 595 1721 milites
616 1658 781 1720 terrorem
802 1658 981 1720 verterunt
1009 1654 1066 1743 (cf.
1089 1655 1200 1721 Livius
1223 1654 1247 1720 l.
1264 1676 1293 1720 c.
1309 1659 1342 1720 et
1365 1658 1423 1732 t1;
1439 1660 1525 1743 App.
1544 1655 1619 1740 Syr.
1707 1671 1712 1678 ·

291 1762 361 1849 33).
379 1760 507 1829 Habuit
524 1759 709 1827 exercitum
731 1760 831 1829 valde
853 1782 1037 1846 magnum;
1051 1761 1152 1829 fuisse
1171 1761 1206 1828 iu
1230 1761 1304 1828 eius
1320 1761 1467 1828 exercitu
1484 1767 1623 1849 septua-

291 1867 388 1954 ginta
403 1867 514 1934 millia
525 1868 703 1958 Appianus
722 1867 843 1933 scribit
856 1869 944 1956 (Syr.
962 1869 1036 1956 32);
1052 1869 1087 1935 in
1103 1889 1221 1957 pugna
1234 1867 1280 1934 ad
1295 1867 1499 1954 Magnesiam
1514 1890 1555 1934 ex
1566 1889 1624 1934 co-

290 1973 357 2061 piis
377 1974 469 2059 regis
482 1973 639 2040 interisse
658 1973 915 2061 quinquaginta
932 1974 1042 2040 millia
1065 1974 1217 2042 referunt
1232 1973 1345 2042 Livius
1360 1979 1474 2056 aaut,
1497 1973 1625 2064 Appia-

291 2101 356 2145 nus
370 2079 459 2167 (Syr.
471 2079 542 2168 36),
558 2079 703 2146 lustinus
720 2079 841 2167 (31,8’),
854 2081 1038 2169 Eutropius
1054 2081 1163 2170 (Brev.
1181 2081 1260 2148 hist.
1277 2103 1363 2148 rom.
1383 2080 1466 2170 hh).

336 2184 431 2264 Quod
447 2207 528 2252 vero
539 2208 573 2252 v.
591 2193 611 2250 *1
628 2191 808 2251 narratum
822 2191 873 2252 est
887 2185 991 2252 ludae
1007 2209 1014 2254 :
1030 2186 1114 2276 qnia
1127 2200 1373 2276 ceperunteum
1387 2186 1624 2270 viuum,nullo

291 2299 446 2360 veterum
471 2291 668 2359 testimonio
688 2291 926 2370 confirmatur,
946 2315 1066 2360 verum
1094 2293 1234 2360 illorum
1257 2294 1452 2361 narratione
1471 2292 1624 2358 excludi-

291 2403 360 2466 tur.
384 2403 470 2465 Num
499 2398 579 2466 talis
602 2419 722 2465 rumor
740 2398 825 2465 oriri
852 2401 1004 2488 potuerit
1024 2423 1064 2466 ex
1088 2399 1305 2468 accusatione
1327 2400 1386 2466 illa
1411 2404 1530 2465 contra
1559 2402 1620 2466 Cn.

291 2505 452 2572 Manlium
467 2504 593 2594 (Livius
609 2505 737 2594 sats),
753 2505 790 2572 iu
811 2506 925 2572 medio
945 2506 1118 2595 relinquo.
1134 2507 1198 2573 Sed
1215 2507 1367 2573 veridica
1380 2509 1453 2572 erat
1471 2505 1563 2572 fama
1578 2503 1623 2571 de

291 2611 422 2679 tributo
448 2633 575 2698 magno
594 2610 662 2701 ipsi
686 2616 720 2678 et
739 2613 989 2681 suecessoribus
1012 2614 1086 2680 eius
1109 2613 1287 2702 imposito;
1308 2635 1388 2680 nam
1411 2613 1443 2679 ei
1463 2611 1625 2701 imposita

291 2726 371 2783 sunt
391 2717 589 2805 quindecim
609 2718 719 2785 millia
739 2719 907 2786 talentum
926 2720 1166 2802 Euboicorum,
1184 2721 1232 2786 ita
1252 2719 1391 2808 quidem
1414 2725 1453 2785 ut
1477 2717 1625 2786 solveret

291 2823 482 2910 quingenta
501 2823 627 2905 statim,
646 2825 715 2890 duo
730 2825 841 2892 millia
854 2832 888 2893 et
902 2827 1108 2916 quingenta,
1125 2848 1203 2893 eum
1218 2826 1369 2916 populus
1389 2847 1552 2892 romanus
1566 2845 1626 2915 pa-

291 2950 364 2994 cem
390 2929 639 3010 confirmasset,
657 2929 791 3018 reliqua
815 2931 941 2998 deinde
965 2955 1028 3021 per
1052 2932 1234 3000 duodecim
1260 2953 1379 3010 annos,
1403 2932 1509 2997 itaut
1532 2929 1626 2996 mille

291 3034 476 3124 quotannis
498 3033 666 3125 penderet
688 3035 821 3123 (Polyb.
855 3042 971 3119 alut.
999 3045 1036 3117 3;
1063 3041 1148 3128 App.
1181 3043 1255 3127 Syr.
1282 3047 1342 3120 383
1369 3037 1482 3112 Livius
1508 3042 1622 3121 36,h5.

291 3141 386 3209 Diod.
403 3141 533 3230 ao,10);
546 3140 681 3209 obsides
691 3141 774 3208 dare
787 3142 936 3210 debebat
951 3144 1073 3232 viginti
1084 3144 1254 3212 arbitratu
1270 3151 1504 3214 Romanorum
1516 3143 1548 3229 (l.
1562 3143 1623 3231 c).

291 3248 397 3315 Valde
411 3247 582 3315 incertum
592 3252 642 3314 est
656 3248 742 3338 quid
759 3249 826 3315 sibi
841 3250 925 3317 velit
943 3257 991 3318 καὶ
1011 3259 1168 3336 διαστολὴν
1184 3252 1269 3339 vulg
1284 3257 1318 3318 et
1337 3253 1571 3329 constitutum,
1589 3253 1622 3328 S,

292 3378 308 3422 s
323 3377 330 3422 :
348 3354 569 3423 abscissiones
581 3354 633 3444 (t),
651 3377 739 3444 quae
752 3379 816 3422 vox
830 3356 972 3424 fortasse
985 3359 1131 3426 refertur
1144 3359 1189 3426 ad
1201 3358 1360 3444 regiones
1375 3379 1459 3447 quas
1478 3355 1624 3424 Romani

292 3461 421 3529 abelus
434 3483 542 3548 regno
557 3462 790 3528 absciderunt.
808 3467 917 3552 Atque
933 3464 1018 3531 haec
1035 3467 1190 3555 acceptio
1203 3465 1304 3531 etiam
1319 3464 1363 3531 ad
1378 3471 1532 3544 διαστολὴν
1549 3462 1571 3526 i.
1589 3483 1621 3528 e.

292 3568 542 3658 separationem
568 3570 708 3636 fortasse
730 3569 987 3636 accommodari
1003 3578 1111 3660 potest
1124 3572 1181 3663 (cf.
1198 3575 1284 3660 Lep.
1303 3571 1409 3638 Calor.
1429 3573 1474 3637 W
1473 3569 1543 3648 adl,
1560 3569 1621 3634 Gr.

294 3679 333 3742 K.
350 3676 434 3766 Ka).
448 3681 622 3754 Quaenam
637 3677 796 3763 regiones
808 3677 852 3743 ¹ab
867 3678 942 3743 eius
956 3699 1065 3764 reguo
1079 3678 1326 3768 separaverint,
1341 3701 1399 3746 seu
1413 3677 1623 3754 diduxerint,

292 3782 465 3850 iudicatur
480 3806 512 3849 v.
535 3789 574 3864 8;
592 3782 724 3873 explica
738 3783 853 3873 itaque
868 3791 918 3850 καὶ
931 3805 1070 3873 nempe.
1085 3789 1207 3853 Verum
1222 3786 1260 3851 iu
1280 3786 1345 3851 hac
1360 3782 1622 3851 enumeratione

292 3889 384 3955 sama
399 3889 545 3971 erravit;
560 3910 640 3955 nam
654 3888 807 3956 indicam
825 3890 1004 3976 regionem
1026 3897 1061 3956 et
1080 3890 1220 3958 Mediam
1241 3892 1429 3959 Antiochus
1445 3908 1625 3978 uunquam

296 3996 459 4082 possedit3
475 4018 561 4084 quas
579 3997 740 4082 regiones
760 3996 901 4063 cesserit
920 3998 1109 4065 Antiochus
1129 4003 1161 4066 et
1183 4021 1272 4086 quac
1289 3998 1370 4065 data
1385 3997 1452 4063 sint
1465 3994 1622 4075 Eumeni,

291 4100 371 4166 vide
386 4101 431 4166 ad
448 4124 480 4167 v.
504 4108 535 4166 6.

335 4207 445 4273 Etiam
463 4207 506 4273 de
520 4206 623 4273 hellis
640 4211 844 4276 Graecorum
860 4232 939 4276 eum
960 4213 1120 4277 Romanis
1139 4233 1259 4278 rumor
1273 4211 1397 4302 aliquis
1408 4211 1445 4277 iu
1464 4209 1626 4277 Iudaeam

292 4313 490 4404 penetravit
503 4336 536 4382 v.
554 4318 586 4379 9.
605 4320 803 4392 10;·verum
817 4321 867 4382 sat
886 4316 923 4383 in
939 4319 1111 4385 communi
1129 4319 1198 4386 iam
1214 4341 1247 4386 v.
1265 4325 1284 4386 9
1301 4330 1326 4386 οἱ
1344 4325 1378 4385 ἐκ
1396 4337 1451 4402 τῆς
1472 4318 1629 4394 Ἑλλάδος

290 4427 503 4489 ἐύουλεύοοιντο
523 4419 749 4487 decreverunt
770 4422 892 4489 tollere
913 4445 981 4491 eos,
1003 4423 1145 4492 Videtur
1160 4426 1253 4493 lama
1266 4425 1399 4514 perlata
1416 4445 1486 4490 esse
1502 4421 1544 4488 dc
1559 4425 1625 4487 Ae-

288 4527 384 4609 tolis;
398 4527 424 4594 ii
437 4529 531 4594 enim
541 4527 718 4595 decretum
728 4528 884 4595 fecerunt
895 4552 965 4617 quo
981 4539 1208 4599 arcesserctur
1219 4533 1403 4598 Antiochus
1418 4529 1624 4596 adliberan-

289 4632 368 4701 dam
390 4636 581 4716 Graeciam,
599 4639 633 4700 et
647 4656 726 4701 cum
739 4634 894 4710 Quintius
909 4636 1105 4719 Flaminius,
1124 4638 1257 4724 legatus
1282 4642 1527 4716 Romanorum,
1546 4655 1624 4701 cum

288 4741 480 4807 Damocrito
499 4747 658 4830 praetore
679 4741 879 4808 Aetolorum
899 4741 1014 4809 detali
1027 4744 1164 4814 decreto
1185 4749 1394 4832 exposceret,
1413 4740 1623 4810 Damocritus
