<?xml version="1.0" encoding="UTF-8"?>
<!DOCTYPE html PUBLIC "-//W3C//DTD XHTML 1.0 Transitional//EN"
    "http://www.w3.org/TR/xhtml1/DTD/xhtml1-transitional.dtd">
<html xmlns="http://www.w3.org/1999/xhtml" xml:lang="en" lang="en">
 <head>
  <title>
</title>
<meta http-equiv="Content-Type" content="text/html;charset=utf-8" />
  <meta name='ocr-system' content='tesseract 3.04.00' />
  <meta name='ocr-capabilities' content='ocr_page ocr_carea ocr_par ocr_line ocrx_word'/>
</head>
<body>
  <div class='ocr_page' id='page_1' title='image "./commentariusind00knabgoog/commentariusind00knabgoog_0017.png"; bbox 0 0 3625 5367; ppageno 0'>
   <div class='ocr_carea' id='block_1_1' title="bbox 568 388 1539 451">
    <p class='ocr_par' dir='ltr' id='par_1_1' title="bbox 568 388 1539 451">
     <span class='ocr_line' id='line_1_1' title="bbox 568 388 1539 451; baseline 0.002 -8"><span class='ocrx_word' id='word_1_1' title='bbox 568 400 606 443; x_wconf 83' lang='lat' dir='ltr'>ns</span> <span class='ocrx_word' id='word_1_2' title='bbox 626 399 668 443; x_wconf 91' lang='lat' dir='ltr'>11s</span> <span class='ocrx_word' id='word_1_3' title='bbox 690 400 769 451; x_wconf 74' lang='lat' dir='ltr'>eoas</span> <span class='ocrx_word' id='word_1_4' title='bbox 791 400 823 442; x_wconf 82' lang='lat' dir='ltr'>m</span> <span class='ocrx_word' id='word_1_5' title='bbox 845 398 934 443; x_wconf 77' lang='lat' dir='ltr'>niceo</span> <span class='ocrx_word' id='word_1_6' title='bbox 955 400 1176 445; x_wconf 70' lang='lat' dir='ltr'>concinamus.</span> <span class='ocrx_word' id='word_1_7' title='bbox 1453 421 1458 427; x_wconf 60' lang='lat'>&gt;</span> <span class='ocrx_word' id='word_1_8' title='bbox 1519 388 1539 445; x_wconf 83' lang='lat'><strong>3</strong></span> 
     </span>
    </p>
   </div>
   <div class='ocr_carea' id='block_1_2' title="bbox 142 532 1541 4881">
    <p class='ocr_par' dir='ltr' id='par_1_2' title="bbox 142 532 1541 4881">
     <span class='ocr_line' id='line_1_2' title="bbox 206 532 1539 625; baseline -0.001 -22"><span class='ocrx_word' id='word_1_9' title='bbox 206 536 337 603; x_wconf 89' lang='lat' dir='ltr'>mitana</span> <span class='ocrx_word' id='word_1_10' title='bbox 369 532 611 623; x_wconf 89' lang='lat' dir='ltr'>praesidiarios</span> <span class='ocrx_word' id='word_1_11' title='bbox 647 539 910 622; x_wconf 79' lang='lat' dir='ltr'>oppugnantem</span> <span class='ocrx_word' id='word_1_12' title='bbox 943 539 1080 601; x_wconf 88' lang='lat' dir='ltr'>strenue</span> <span class='ocrx_word' id='word_1_13' title='bbox 1112 534 1320 602; x_wconf 89' lang='lat' dir='ltr'>adiuverunt</span> <span class='ocrx_word' id='word_1_14' title='bbox 1351 536 1539 625; x_wconf 72' lang='lat' dir='ltr'><em>(Iosephus,</em></span> 
     </span>
     <span class='ocr_line' id='line_1_3' title="bbox 205 639 1540 731; baseline -0.001 -23"><span class='ocrx_word' id='word_1_15' title='bbox 205 642 323 731; x_wconf 78' lang='lat' dir='ltr'>antiq.</span> <span class='ocrx_word' id='word_1_16' title='bbox 347 640 489 729; x_wconf 70' lang='lat' dir='ltr'>lass).</span> <span class='ocrx_word' id='word_1_17' title='bbox 506 644 615 717; x_wconf 81' lang='lat' dir='ltr'>Quare</span> <span class='ocrx_word' id='word_1_18' title='bbox 630 639 817 707; x_wconf 84' lang='lat' dir='ltr'><strong>Antiochus</strong></span> <span class='ocrx_word' id='word_1_19' title='bbox 832 644 874 706; x_wconf 91' lang='lat' dir='ltr'>lll</span> <span class='ocrx_word' id='word_1_20' title='bbox 888 641 1036 707; x_wconf 89' lang='lat' dir='ltr'>multum</span> <span class='ocrx_word' id='word_1_21' title='bbox 1053 640 1187 707; x_wconf 89' lang='lat' dir='ltr'>ludaeis</span> <span class='ocrx_word' id='word_1_22' title='bbox 1202 641 1350 709; x_wconf 85' lang='lat' dir='ltr'>favebat.</span> <span class='ocrx_word' id='word_1_23' title='bbox 1366 642 1418 708; x_wconf 65' lang='lat' dir='ltr'>rid</span> <span class='ocrx_word' id='word_1_24' title='bbox 1433 642 1540 709; x_wconf 90' lang='lat' dir='ltr'>saeri-</span> 
     </span>
     <span class='ocr_line' id='line_1_4' title="bbox 142 745 1539 837; baseline 0 -22"><span class='ocrx_word' id='word_1_25' title='bbox 142 818 144 825; x_wconf 65' lang='grc'>,</span> <span class='ocrx_word' id='word_1_26' title='bbox 206 750 283 815; x_wconf 89' lang='lat' dir='ltr'>licia</span> <span class='ocrx_word' id='word_1_27' title='bbox 297 747 449 815; x_wconf 82' lang='lat' dir='ltr'>donavit</span> <span class='ocrx_word' id='word_1_28' title='bbox 470 751 607 836; x_wconf 89' lang='lat' dir='ltr'>praeter</span> <span class='ocrx_word' id='word_1_29' title='bbox 629 766 791 833; x_wconf 88' lang='lat' dir='ltr'>magnam</span> <span class='ocrx_word' id='word_1_30' title='bbox 817 745 924 814; x_wconf 88' lang='lat' dir='ltr'>tritici</span> <span class='ocrx_word' id='word_1_31' title='bbox 945 747 1096 836; x_wconf 91' lang='lat' dir='ltr'>salisque</span> <span class='ocrx_word' id='word_1_32' title='bbox 1121 748 1257 837; x_wconf 89' lang='lat' dir='ltr'>copiam</span> <span class='ocrx_word' id='word_1_33' title='bbox 1284 747 1408 835; x_wconf 90' lang='lat' dir='ltr'>viginti</span> <span class='ocrx_word' id='word_1_34' title='bbox 1428 749 1539 815; x_wconf 92' lang='lat' dir='ltr'>millia</span> 
     </span>
     <span class='ocr_line' id='line_1_5' title="bbox 205 852 1539 937; baseline 0.001 -16"><span class='ocrx_word' id='word_1_35' title='bbox 205 855 450 921; x_wconf 78' lang='lat' dir='ltr'>drachmarum</span> <span class='ocrx_word' id='word_1_36' title='bbox 472 854 516 919; x_wconf 94' lang='lat' dir='ltr'>ad</span> <span class='ocrx_word' id='word_1_37' title='bbox 537 852 700 919; x_wconf 90' lang='lat' dir='ltr'>emendas</span> <span class='ocrx_word' id='word_1_38' title='bbox 716 852 884 932; x_wconf 86' lang='lat' dir='ltr'>victimas,</span> <span class='ocrx_word' id='word_1_39' title='bbox 903 854 1035 937; x_wconf 88' lang='lat' dir='ltr'>vinum,</span> <span class='ocrx_word' id='word_1_40' title='bbox 1051 854 1179 934; x_wconf 89' lang='lat' dir='ltr'>oleum,</span> <span class='ocrx_word' id='word_1_41' title='bbox 1194 854 1292 936; x_wconf 90' lang='lat' dir='ltr'>thus;</span> <span class='ocrx_word' id='word_1_42' title='bbox 1310 855 1354 921; x_wconf 93' lang='lat' dir='ltr'>ad</span> <span class='ocrx_word' id='word_1_43' title='bbox 1370 860 1539 922; x_wconf 87' lang='lat' dir='ltr'>restaura-</span> 
     </span>
     <span class='ocr_line' id='line_1_6' title="bbox 206 958 1539 1049; baseline 0.001 -22"><span class='ocrx_word' id='word_1_44' title='bbox 206 961 336 1028; x_wconf 77' lang='lat' dir='ltr'>tionem</span> <span class='ocrx_word' id='word_1_45' title='bbox 354 958 477 1049; x_wconf 91' lang='lat' dir='ltr'>templi</span> <span class='ocrx_word' id='word_1_46' title='bbox 497 958 759 1048; x_wconf 76' lang='lat' dir='ltr'>porticuumque</span> <span class='ocrx_word' id='word_1_47' title='bbox 782 961 947 1025; x_wconf 90' lang='lat' dir='ltr'>concessit</span> <span class='ocrx_word' id='word_1_48' title='bbox 965 960 1145 1027; x_wconf 81' lang='lat' dir='ltr'>materiam</span> <span class='ocrx_word' id='word_1_49' title='bbox 1162 960 1286 1026; x_wconf 86' lang='lat' dir='ltr'>inferri</span> <span class='ocrx_word' id='word_1_50' title='bbox 1304 963 1377 1031; x_wconf 88' lang='lat' dir='ltr'>sine</span> <span class='ocrx_word' id='word_1_51' title='bbox 1392 961 1463 1028; x_wconf 93' lang='lat' dir='ltr'>ullo</span> <span class='ocrx_word' id='word_1_52' title='bbox 1483 984 1539 1029; x_wconf 87' lang='lat' dir='ltr'>ve-</span> 
     </span>
     <span class='ocr_line' id='line_1_7' title="bbox 205 1064 1539 1155; baseline 0.001 -21"><span class='ocrx_word' id='word_1_53' title='bbox 205 1068 342 1155; x_wconf 86' lang='lat' dir='ltr'>ctigali;</span> <span class='ocrx_word' id='word_1_54' title='bbox 367 1072 538 1145; x_wconf 90' lang='lat' dir='ltr'>senatum,</span> <span class='ocrx_word' id='word_1_55' title='bbox 561 1064 765 1147; x_wconf 90' lang='lat' dir='ltr'>sacerdotes,</span> <span class='ocrx_word' id='word_1_56' title='bbox 789 1064 930 1148; x_wconf 89' lang='lat' dir='ltr'>scribas,</span> <span class='ocrx_word' id='word_1_57' title='bbox 954 1072 1111 1133; x_wconf 89' lang='lat' dir='ltr'>cantores</span> <span class='ocrx_word' id='word_1_58' title='bbox 1132 1066 1177 1133; x_wconf 90' lang='lat' dir='ltr'>ab</span> <span class='ocrx_word' id='word_1_59' title='bbox 1202 1067 1297 1133; x_wconf 89' lang='lat' dir='ltr'>omni</span> <span class='ocrx_word' id='word_1_60' title='bbox 1323 1067 1453 1134; x_wconf 89' lang='lat' dir='ltr'>tributo</span> <span class='ocrx_word' id='word_1_61' title='bbox 1478 1069 1539 1135; x_wconf 91' lang='lat' dir='ltr'>de-</span> 
     </span>
     <span class='ocr_line' id='line_1_8' title="bbox 205 1171 1537 1252; baseline -0.001 -11"><span class='ocrx_word' id='word_1_62' title='bbox 205 1174 347 1242; x_wconf 82' lang='lat' dir='ltr'>claravit</span> <span class='ocrx_word' id='word_1_63' title='bbox 365 1174 493 1240; x_wconf 87' lang='lat' dir='ltr'>liberos</span> <span class='ocrx_word' id='word_1_64' title='bbox 512 1177 546 1239; x_wconf 92' lang='lat' dir='ltr'>et</span> <span class='ocrx_word' id='word_1_65' title='bbox 559 1173 747 1252; x_wconf 90' lang='lat' dir='ltr'>immuncs;</span> <span class='ocrx_word' id='word_1_66' title='bbox 764 1171 886 1239; x_wconf 88' lang='lat' dir='ltr'>incolis</span> <span class='ocrx_word' id='word_1_67' title='bbox 905 1171 1002 1240; x_wconf 86' lang='lat' dir='ltr'>urbis</span> <span class='ocrx_word' id='word_1_68' title='bbox 1021 1173 1066 1239; x_wconf 92' lang='lat' dir='ltr'>ad</span> <span class='ocrx_word' id='word_1_69' title='bbox 1080 1173 1271 1239; x_wconf 88' lang='lat' dir='ltr'>triennium</span> <span class='ocrx_word' id='word_1_70' title='bbox 1284 1174 1537 1241; x_wconf 87' lang='lat' dir='ltr'>immunitatem</span> 
     </span>
     <span class='ocr_line' id='line_1_9' title="bbox 205 1278 1538 1369; baseline 0.001 -23"><span class='ocrx_word' id='word_1_71' title='bbox 205 1304 226 1346; x_wconf 92' lang='lat' dir='ltr'>a</span> <span class='ocrx_word' id='word_1_72' title='bbox 239 1280 378 1346; x_wconf 90' lang='lat' dir='ltr'>tributis</span> <span class='ocrx_word' id='word_1_73' title='bbox 397 1278 567 1369; x_wconf 90' lang='lat' dir='ltr'>promisit,</span> <span class='ocrx_word' id='word_1_74' title='bbox 580 1285 613 1345; x_wconf 89' lang='lat' dir='ltr'>et</span> <span class='ocrx_word' id='word_1_75' title='bbox 627 1278 664 1345; x_wconf 87' lang='lat' dir='ltr'>in</span> <span class='ocrx_word' id='word_1_76' title='bbox 676 1282 851 1366; x_wconf 90' lang='lat' dir='ltr'>posterum</span> <span class='ocrx_word' id='word_1_77' title='bbox 871 1301 1010 1369; x_wconf 90' lang='lat' dir='ltr'>quoque</span> <span class='ocrx_word' id='word_1_78' title='bbox 1028 1280 1167 1345; x_wconf 81' lang='lat' dir='ltr'>tertiam</span> <span class='ocrx_word' id='word_1_79' title='bbox 1179 1283 1313 1369; x_wconf 89' lang='lat' dir='ltr'>partem</span> <span class='ocrx_word' id='word_1_80' title='bbox 1327 1280 1538 1350; x_wconf 83' lang='lat' dir='ltr'>tributorum</span> 
     </span>
     <span class='ocr_line' id='line_1_10' title="bbox 204 1384 1539 1477; baseline -0.001 -23"><span class='ocrx_word' id='word_1_81' title='bbox 204 1388 246 1454; x_wconf 90' lang='lat' dir='ltr'>iis</span> <span class='ocrx_word' id='word_1_82' title='bbox 264 1409 299 1469; x_wconf 87' lang='lat' dir='ltr'>se</span> <span class='ocrx_word' id='word_1_83' title='bbox 320 1386 495 1453; x_wconf 87' lang='lat' dir='ltr'>remittere</span> <span class='ocrx_word' id='word_1_84' title='bbox 516 1385 631 1451; x_wconf 91' lang='lat' dir='ltr'>aiebat</span> <span class='ocrx_word' id='word_1_85' title='bbox 647 1384 836 1452; x_wconf 85' lang='lat' dir='ltr'>addamne</span> <span class='ocrx_word' id='word_1_86' title='bbox 854 1386 1072 1453; x_wconf 88' lang='lat' dir='ltr'>resarcienda</span> <span class='ocrx_word' id='word_1_87' title='bbox 1087 1407 1175 1475; x_wconf 91' lang='lat' dir='ltr'>quae</span> <span class='ocrx_word' id='word_1_88' title='bbox 1195 1385 1366 1454; x_wconf 89' lang='lat' dir='ltr'>bellorum</span> <span class='ocrx_word' id='word_1_89' title='bbox 1384 1392 1539 1477; x_wconf 89' lang='lat' dir='ltr'>tempore</span> 
     </span>
     <span class='ocr_line' id='line_1_11' title="bbox 204 1490 1540 1583; baseline 0 -23"><span class='ocrx_word' id='word_1_90' title='bbox 204 1493 335 1583; x_wconf 84' lang='lat' dir='ltr'>experti</span> <span class='ocrx_word' id='word_1_91' title='bbox 352 1498 465 1559; x_wconf 85' lang='lat' dir='ltr'>essent</span> <span class='ocrx_word' id='word_1_92' title='bbox 480 1492 535 1581; x_wconf 74' lang='lat' dir='ltr'>(oi.</span> <span class='ocrx_word' id='word_1_93' title='bbox 554 1490 731 1580; x_wconf 77' lang='lat' dir='ltr'>Iosephrn,</span> <span class='ocrx_word' id='word_1_94' title='bbox 750 1492 862 1581; x_wconf 83' lang='lat' dir='ltr'>Antiq.</span> <span class='ocrx_word' id='word_1_95' title='bbox 882 1492 1026 1580; x_wconf 66' lang='lat' dir='ltr'>maa).</span> <span class='ocrx_word' id='word_1_96' title='bbox 1041 1492 1120 1558; x_wconf 87' lang='lat' dir='ltr'>Eius</span> <span class='ocrx_word' id='word_1_97' title='bbox 1136 1492 1174 1558; x_wconf 94' lang='lat' dir='ltr'>in</span> <span class='ocrx_word' id='word_1_98' title='bbox 1191 1514 1300 1579; x_wconf 91' lang='lat' dir='ltr'>regno</span> <span class='ocrx_word' id='word_1_99' title='bbox 1316 1515 1540 1561; x_wconf 79' lang='lat' dir='ltr'>successorem</span> 
     </span>
     <span class='ocr_line' id='line_1_12' title="bbox 205 1597 1541 1687; baseline 0.001 -22"><span class='ocrx_word' id='word_1_100' title='bbox 205 1600 385 1667; x_wconf 86' lang='lat' dir='ltr'>Seleucum</span> <span class='ocrx_word' id='word_1_101' title='bbox 405 1603 445 1664; x_wconf 94' lang='lat' dir='ltr'>lV</span> <span class='ocrx_word' id='word_1_102' title='bbox 473 1598 647 1687; x_wconf 73' lang='lat' dir='ltr'>(tau-176)</span> <span class='ocrx_word' id='word_1_103' title='bbox 670 1597 926 1687; x_wconf 84' lang='lat' dir='ltr'>Philopatorem</span> <span class='ocrx_word' id='word_1_104' title='bbox 952 1597 1043 1665; x_wconf 88' lang='lat' dir='ltr'>bene</span> <span class='ocrx_word' id='word_1_105' title='bbox 1065 1598 1101 1665; x_wconf 90' lang='lat' dir='ltr'>in</span> <span class='ocrx_word' id='word_1_106' title='bbox 1121 1598 1267 1666; x_wconf 91' lang='lat' dir='ltr'>ludaeos</span> <span class='ocrx_word' id='word_1_107' title='bbox 1291 1599 1452 1667; x_wconf 82' lang='lat' dir='ltr'>allectum</span> <span class='ocrx_word' id='word_1_108' title='bbox 1477 1599 1541 1667; x_wconf 90' lang='lat' dir='ltr'>ali·</span> 
     </span>
     <span class='ocr_line' id='line_1_13' title="bbox 206 1703 1540 1796; baseline -0.002 -22"><span class='ocrx_word' id='word_1_109' title='bbox 206 1706 347 1796; x_wconf 90' lang='lat' dir='ltr'>quando</span> <span class='ocrx_word' id='word_1_110' title='bbox 361 1705 464 1773; x_wconf 84' lang='lat' dir='ltr'>luisse</span> <span class='ocrx_word' id='word_1_111' title='bbox 487 1703 649 1770; x_wconf 90' lang='lat' dir='ltr'>discimus</span> <span class='ocrx_word' id='word_1_112' title='bbox 671 1726 711 1769; x_wconf 86' lang='lat' dir='ltr'>ex</span> <span class='ocrx_word' id='word_1_113' title='bbox 728 1710 747 1769; x_wconf 71' lang='lat'><strong>2</strong></span> <span class='ocrx_word' id='word_1_114' title='bbox 766 1705 871 1771; x_wconf 90' lang='lat' dir='ltr'>llach.</span> <span class='ocrx_word' id='word_1_115' title='bbox 894 1711 963 1785; x_wconf 87' lang='lat'>3,3.</span> <span class='ocrx_word' id='word_1_116' title='bbox 986 1707 1110 1771; x_wconf 79' lang='lat' dir='ltr'>Verum</span> <span class='ocrx_word' id='word_1_117' title='bbox 1130 1704 1300 1793; x_wconf 89' lang='lat' dir='ltr'>pernicies</span> <span class='ocrx_word' id='word_1_118' title='bbox 1319 1728 1360 1771; x_wconf 83' lang='lat' dir='ltr'>ex</span> <span class='ocrx_word' id='word_1_119' title='bbox 1380 1706 1464 1795; x_wconf 90' lang='lat' dir='ltr'>ipsis</span> <span class='ocrx_word' id='word_1_120' title='bbox 1487 1711 1540 1789; x_wconf 78' lang='lat' dir='ltr'>lp-</span> 
     </span>
     <span class='ocr_line' id='line_1_14' title="bbox 206 1810 1536 1900; baseline 0 -21"><span class='ocrx_word' id='word_1_121' title='bbox 206 1812 301 1880; x_wconf 90' lang='lat' dir='ltr'>daeis</span> <span class='ocrx_word' id='word_1_122' title='bbox 315 1812 450 1879; x_wconf 92' lang='lat' dir='ltr'>initium</span> <span class='ocrx_word' id='word_1_123' title='bbox 470 1811 561 1900; x_wconf 90' lang='lat' dir='ltr'>cepit</span> <span class='ocrx_word' id='word_1_124' title='bbox 581 1815 615 1877; x_wconf 92' lang='lat' dir='ltr'>et</span> <span class='ocrx_word' id='word_1_125' title='bbox 633 1810 855 1877; x_wconf 89' lang='lat' dir='ltr'>incrementa.</span> <span class='ocrx_word' id='word_1_126' title='bbox 873 1810 993 1877; x_wconf 84' lang='lat' dir='ltr'>Simon</span> <span class='ocrx_word' id='word_1_127' title='bbox 1006 1810 1156 1900; x_wconf 74' lang='lat' dir='ltr'>&#39;quidam</span> <span class='ocrx_word' id='word_1_128' title='bbox 1175 1833 1216 1877; x_wconf 84' lang='lat' dir='ltr'>ex</span> <span class='ocrx_word' id='word_1_129' title='bbox 1233 1811 1329 1879; x_wconf 89' lang='lat' dir='ltr'>tribu</span> <span class='ocrx_word' id='word_1_130' title='bbox 1344 1812 1536 1896; x_wconf 79' lang='lat' dir='ltr'>Beniamin,</span> 
     </span>
     <span class='ocr_line' id='line_1_15' title="bbox 205 1917 1538 2009; baseline 0 -23"><span class='ocrx_word' id='word_1_131' title='bbox 205 1918 419 2009; x_wconf 87' lang='lat' dir='ltr'>praepositus</span> <span class='ocrx_word' id='word_1_132' title='bbox 431 1918 564 2006; x_wconf 89' lang='lat' dir='ltr'>templi,</span> <span class='ocrx_word' id='word_1_133' title='bbox 582 1923 701 1984; x_wconf 91' lang='lat' dir='ltr'>contra</span> <span class='ocrx_word' id='word_1_134' title='bbox 720 1918 924 1984; x_wconf 89' lang='lat' dir='ltr'>sententiam</span> <span class='ocrx_word' id='word_1_135' title='bbox 939 1923 974 1983; x_wconf 92' lang='lat' dir='ltr'>et</span> <span class='ocrx_word' id='word_1_136' title='bbox 990 1917 1155 1985; x_wconf 90' lang='lat' dir='ltr'>mandata</span> <span class='ocrx_word' id='word_1_137' title='bbox 1175 1919 1279 1985; x_wconf 87' lang='lat' dir='ltr'>Oniae</span> <span class='ocrx_word' id='word_1_138' title='bbox 1297 1922 1339 1985; x_wconf 88' lang='lat'>111</span> <span class='ocrx_word' id='word_1_139' title='bbox 1354 1920 1538 1986; x_wconf 85' lang='lat' dir='ltr'>sacerdotis</span> 
     </span>
     <span class='ocr_line' id='line_1_16' title="bbox 207 2023 1535 2113; baseline -0.001 -20"><span class='ocrx_word' id='word_1_140' title='bbox 207 2025 325 2113; x_wconf 87' lang='lat' dir='ltr'>magni</span> <span class='ocrx_word' id='word_1_141' title='bbox 344 2025 596 2113; x_wconf 83' lang='lat' dir='ltr'>praefecturam</span> <span class='ocrx_word' id='word_1_142' title='bbox 611 2023 678 2090; x_wconf 86' lang='lat' dir='ltr'>lori</span> <span class='ocrx_word' id='word_1_143' title='bbox 694 2026 893 2111; x_wconf 76' lang='grc' dir='ltr'>ἀγορανομίαν</span> <span class='ocrx_word' id='word_1_144' title='bbox 910 2024 1171 2091; x_wconf 86' lang='lat' dir='ltr'>administrabat</span> <span class='ocrx_word' id='word_1_145' title='bbox 1187 2024 1223 2090; x_wconf 93' lang='lat' dir='ltr'>in</span> <span class='ocrx_word' id='word_1_146' title='bbox 1242 2026 1408 2091; x_wconf 89' lang='lat' dir='ltr'>damnum</span> <span class='ocrx_word' id='word_1_147' title='bbox 1425 2026 1535 2093; x_wconf 89' lang='lat' dir='ltr'>urbis.</span> 
     </span>
     <span class='ocr_line' id='line_1_17' title="bbox 204 2130 1537 2220; baseline 0 -21"><span class='ocrx_word' id='word_1_148' title='bbox 204 2136 287 2199; x_wconf 89' lang='lat' dir='ltr'>Cum</span> <span class='ocrx_word' id='word_1_149' title='bbox 318 2130 455 2199; x_wconf 89' lang='lat' dir='ltr'>tandem</span> <span class='ocrx_word' id='word_1_150' title='bbox 483 2132 521 2197; x_wconf 94' lang='lat' dir='ltr'>in</span> <span class='ocrx_word' id='word_1_151' title='bbox 545 2152 585 2196; x_wconf 91' lang='lat' dir='ltr'>ea</span> <span class='ocrx_word' id='word_1_152' title='bbox 612 2130 672 2196; x_wconf 91' lang='lat' dir='ltr'>lite</span> <span class='ocrx_word' id='word_1_153' title='bbox 698 2130 859 2197; x_wconf 88' lang='lat' dir='ltr'>evasisset</span> <span class='ocrx_word' id='word_1_154' title='bbox 887 2130 1043 2212; x_wconf 82' lang='lat' dir='ltr'>inferior,</span> <span class='ocrx_word' id='word_1_155' title='bbox 1067 2152 1130 2220; x_wconf 91' lang='lat' dir='ltr'>per</span> <span class='ocrx_word' id='word_1_156' title='bbox 1154 2131 1386 2220; x_wconf 79' lang='lat' dir='ltr'>Apollonium,</span> <span class='ocrx_word' id='word_1_157' title='bbox 1414 2132 1537 2199; x_wconf 90' lang='lat' dir='ltr'>ducem</span> 
     </span>
     <span class='ocr_line' id='line_1_18' title="bbox 205 2234 1539 2326; baseline 0 -21"><span class='ocrx_word' id='word_1_158' title='bbox 205 2236 429 2325; x_wconf 80' lang='lat' dir='ltr'>coelesyriae,</span> <span class='ocrx_word' id='word_1_159' title='bbox 445 2235 625 2303; x_wconf 88' lang='lat' dir='ltr'>certiorem</span> <span class='ocrx_word' id='word_1_160' title='bbox 639 2236 721 2303; x_wconf 87' lang='lat' dir='ltr'>lecit</span> <span class='ocrx_word' id='word_1_161' title='bbox 739 2257 858 2325; x_wconf 91' lang='lat' dir='ltr'>regem</span> <span class='ocrx_word' id='word_1_162' title='bbox 874 2236 916 2303; x_wconf 91' lang='lat' dir='ltr'>de</span> <span class='ocrx_word' id='word_1_163' title='bbox 933 2234 1087 2326; x_wconf 88' lang='lat' dir='ltr'>pecuniis</span> <span class='ocrx_word' id='word_1_164' title='bbox 1100 2238 1135 2302; x_wconf 91' lang='lat' dir='ltr'>in</span> <span class='ocrx_word' id='word_1_165' title='bbox 1151 2237 1281 2326; x_wconf 90' lang='lat' dir='ltr'>templo</span> <span class='ocrx_word' id='word_1_166' title='bbox 1299 2237 1539 2326; x_wconf 83' lang='lat' dir='ltr'>hierosolymi-</span> 
     </span>
     <span class='ocr_line' id='line_1_19' title="bbox 204 2341 1538 2433; baseline 0 -21"><span class='ocrx_word' id='word_1_167' title='bbox 204 2352 284 2412; x_wconf 91' lang='lat' dir='ltr'>tano</span> <span class='ocrx_word' id='word_1_168' title='bbox 307 2343 498 2426; x_wconf 88' lang='lat' dir='ltr'>asservatis,</span> <span class='ocrx_word' id='word_1_169' title='bbox 525 2366 615 2432; x_wconf 90' lang='lat' dir='ltr'>quae</span> <span class='ocrx_word' id='word_1_170' title='bbox 635 2342 729 2409; x_wconf 90' lang='lat' dir='ltr'>facili</span> <span class='ocrx_word' id='word_1_171' title='bbox 753 2341 892 2429; x_wconf 90' lang='lat' dir='ltr'>negotio</span> <span class='ocrx_word' id='word_1_172' title='bbox 914 2342 991 2432; x_wconf 91' lang='lat' dir='ltr'>capi</span> <span class='ocrx_word' id='word_1_173' title='bbox 1012 2349 1162 2432; x_wconf 89' lang='lat' dir='ltr'>possent.</span> <span class='ocrx_word' id='word_1_174' title='bbox 1181 2348 1286 2421; x_wconf 84' lang='lat' dir='ltr'>Quam</span> <span class='ocrx_word' id='word_1_175' title='bbox 1303 2350 1443 2430; x_wconf 88' lang='lat' dir='ltr'>gratum</span> <span class='ocrx_word' id='word_1_176' title='bbox 1462 2345 1538 2433; x_wconf 89' lang='lat' dir='ltr'>regi</span> 
     </span>
     <span class='ocr_line' id='line_1_20' title="bbox 203 2448 1537 2539; baseline 0.001 -22"><span class='ocrx_word' id='word_1_177' title='bbox 203 2450 305 2518; x_wconf 87' lang='lat' dir='ltr'>fuerit</span> <span class='ocrx_word' id='word_1_178' title='bbox 326 2452 395 2517; x_wconf 91' lang='lat' dir='ltr'>tale</span> <span class='ocrx_word' id='word_1_179' title='bbox 414 2449 593 2533; x_wconf 89' lang='lat' dir='ltr'>indicium,</span> <span class='ocrx_word' id='word_1_180' title='bbox 609 2448 710 2515; x_wconf 85' lang='lat' dir='ltr'>facile</span> <span class='ocrx_word' id='word_1_181' title='bbox 733 2453 836 2537; x_wconf 91' lang='lat' dir='ltr'>patet.</span> <span class='ocrx_word' id='word_1_182' title='bbox 854 2452 938 2515; x_wconf 91' lang='lat' dir='ltr'>Nam</span> <span class='ocrx_word' id='word_1_183' title='bbox 960 2455 1142 2539; x_wconf 90' lang='lat' dir='ltr'>postquam</span> <span class='ocrx_word' id='word_1_184' title='bbox 1164 2450 1348 2517; x_wconf 81' lang='lat' dir='ltr'>Antiochus</span> <span class='ocrx_word' id='word_1_185' title='bbox 1367 2456 1410 2518; x_wconf 95' lang='lat' dir='ltr'>lll</span> <span class='ocrx_word' id='word_1_186' title='bbox 1432 2475 1454 2519; x_wconf 90' lang='lat' dir='ltr'>a</span> <span class='ocrx_word' id='word_1_187' title='bbox 1472 2456 1537 2519; x_wconf 90' lang='lat' dir='ltr'>Ro·</span> 
     </span>
     <span class='ocr_line' id='line_1_21' title="bbox 203 2555 1538 2645; baseline 0.001 -22"><span class='ocrx_word' id='word_1_188' title='bbox 203 2558 313 2623; x_wconf 91' lang='lat' dir='ltr'>manis</span> <span class='ocrx_word' id='word_1_189' title='bbox 336 2556 445 2623; x_wconf 90' lang='lat' dir='ltr'>victus</span> <span class='ocrx_word' id='word_1_190' title='bbox 464 2561 524 2635; x_wconf 85' lang='lat' dir='ltr'>est,</span> <span class='ocrx_word' id='word_1_191' title='bbox 547 2555 671 2641; x_wconf 85' lang='lat' dir='ltr'>ingens</span> <span class='ocrx_word' id='word_1_192' title='bbox 688 2555 854 2643; x_wconf 90' lang='lat' dir='ltr'>pecuniae</span> <span class='ocrx_word' id='word_1_193' title='bbox 874 2576 1011 2621; x_wconf 91' lang='lat' dir='ltr'>summa</span> <span class='ocrx_word' id='word_1_194' title='bbox 1031 2558 1219 2644; x_wconf 92' lang='lat' dir='ltr'>quotannis</span> <span class='ocrx_word' id='word_1_195' title='bbox 1242 2579 1305 2645; x_wconf 91' lang='lat' dir='ltr'>per</span> <span class='ocrx_word' id='word_1_196' title='bbox 1326 2563 1367 2622; x_wconf 74' lang='lat'>12</span> <span class='ocrx_word' id='word_1_197' title='bbox 1387 2579 1496 2623; x_wconf 91' lang='lat' dir='ltr'>annos</span> <span class='ocrx_word' id='word_1_198' title='bbox 1517 2582 1538 2624; x_wconf 90' lang='lat' dir='ltr'>a</span> 
     </span>
     <span class='ocr_line' id='line_1_22' title="bbox 202 2660 1536 2750; baseline 0 -21"><span class='ocrx_word' id='word_1_199' title='bbox 202 2684 285 2749; x_wconf 85' lang='lat' dir='ltr'>rege</span> <span class='ocrx_word' id='word_1_200' title='bbox 306 2664 471 2730; x_wconf 88' lang='lat' dir='ltr'>solvenda</span> <span class='ocrx_word' id='word_1_201' title='bbox 485 2667 571 2743; x_wconf 91' lang='lat' dir='ltr'>erat,</span> <span class='ocrx_word' id='word_1_202' title='bbox 590 2660 663 2727; x_wconf 89' lang='lat' dir='ltr'>scil.</span> <span class='ocrx_word' id='word_1_203' title='bbox 684 2660 778 2725; x_wconf 90' lang='lat' dir='ltr'>mille</span> <span class='ocrx_word' id='word_1_204' title='bbox 797 2660 942 2741; x_wconf 84' lang='lat' dir='ltr'>talenta3</span> <span class='ocrx_word' id='word_1_205' title='bbox 966 2662 1107 2750; x_wconf 88' lang='lat' dir='ltr'>insuper</span> <span class='ocrx_word' id='word_1_206' title='bbox 1126 2661 1247 2727; x_wconf 86' lang='lat' dir='ltr'>debuit</span> <span class='ocrx_word' id='word_1_207' title='bbox 1272 2662 1456 2729; x_wconf 82' lang='lat' dir='ltr'>Antiochus</span> <span class='ocrx_word' id='word_1_208' title='bbox 1470 2670 1536 2730; x_wconf 92' lang='lat' dir='ltr'>sta-</span> 
     </span>
     <span class='ocr_line' id='line_1_23' title="bbox 202 2766 1533 2858; baseline 0.001 -22"><span class='ocrx_word' id='word_1_209' title='bbox 202 2770 267 2836; x_wconf 91' lang='lat' dir='ltr'>tim</span> <span class='ocrx_word' id='word_1_210' title='bbox 286 2770 417 2836; x_wconf 89' lang='lat' dir='ltr'>solvere</span> <span class='ocrx_word' id='word_1_211' title='bbox 439 2768 633 2858; x_wconf 80' lang='lat' dir='ltr'>quingenta</span> <span class='ocrx_word' id='word_1_212' title='bbox 652 2767 782 2833; x_wconf 89' lang='lat' dir='ltr'>talenta</span> <span class='ocrx_word' id='word_1_213' title='bbox 802 2766 952 2834; x_wconf 88' lang='lat' dir='ltr'>Euboica</span> <span class='ocrx_word' id='word_1_214' title='bbox 970 2772 1004 2832; x_wconf 88' lang='lat' dir='ltr'>et</span> <span class='ocrx_word' id='word_1_215' title='bbox 1023 2768 1092 2833; x_wconf 92' lang='lat' dir='ltr'>duo</span> <span class='ocrx_word' id='word_1_216' title='bbox 1107 2766 1220 2834; x_wconf 92' lang='lat' dir='ltr'>millia</span> <span class='ocrx_word' id='word_1_217' title='bbox 1238 2768 1431 2858; x_wconf 86' lang='lat' dir='ltr'>quingenta</span> <span class='ocrx_word' id='word_1_218' title='bbox 1452 2770 1533 2852; x_wconf 89' lang='lat' dir='ltr'>alia,</span> 
     </span>
     <span class='ocr_line' id='line_1_24' title="bbox 201 2873 1536 2966; baseline 0.001 -23"><span class='ocrx_word' id='word_1_219' title='bbox 201 2898 281 2943; x_wconf 86' lang='lat' dir='ltr'>cum</span> <span class='ocrx_word' id='word_1_220' title='bbox 307 2882 445 2943; x_wconf 88' lang='lat' dir='ltr'>senatus</span> <span class='ocrx_word' id='word_1_221' title='bbox 469 2896 589 2965; x_wconf 88' lang='lat' dir='ltr'>pacem</span> <span class='ocrx_word' id='word_1_222' title='bbox 614 2875 870 2962; x_wconf 90' lang='lat' dir='ltr'>comprobasset</span> <span class='ocrx_word' id='word_1_223' title='bbox 894 2873 1103 2963; x_wconf 80' lang='lat' dir='ltr'>(Appianas,</span> <span class='ocrx_word' id='word_1_224' title='bbox 1127 2879 1202 2962; x_wconf 82' lang='lat' dir='ltr'>Syr.</span> <span class='ocrx_word' id='word_1_225' title='bbox 1228 2875 1297 2963; x_wconf 82' lang='lat'>38).</span> <span class='ocrx_word' id='word_1_226' title='bbox 1322 2875 1415 2942; x_wconf 91' lang='lat' dir='ltr'>Unde</span> <span class='ocrx_word' id='word_1_227' title='bbox 1442 2882 1536 2966; x_wconf 90' lang='lat' dir='ltr'>patet</span> 
     </span>
     <span class='ocr_line' id='line_1_25' title="bbox 202 2978 1534 3068; baseline 0 -19"><span class='ocrx_word' id='word_1_228' title='bbox 202 2983 376 3049; x_wconf 88' lang='lat' dir='ltr'>aerarium</span> <span class='ocrx_word' id='word_1_229' title='bbox 396 2983 487 3067; x_wconf 91' lang='lat' dir='ltr'>regis</span> <span class='ocrx_word' id='word_1_230' title='bbox 506 2981 622 3068; x_wconf 80' lang='lat' dir='ltr'>Syriae</span> <span class='ocrx_word' id='word_1_231' title='bbox 642 2980 745 3047; x_wconf 87' lang='lat' dir='ltr'>fuisse</span> <span class='ocrx_word' id='word_1_232' title='bbox 765 2978 845 3047; x_wconf 90' lang='lat' dir='ltr'>satis</span> <span class='ocrx_word' id='word_1_233' title='bbox 868 2981 1071 3048; x_wconf 86' lang='lat' dir='ltr'>exhaustum</span> <span class='ocrx_word' id='word_1_234' title='bbox 1093 2986 1126 3048; x_wconf 89' lang='lat' dir='ltr'>et</span> <span class='ocrx_word' id='word_1_235' title='bbox 1146 2980 1314 3049; x_wconf 89' lang='lat' dir='ltr'>indicium</span> <span class='ocrx_word' id='word_1_236' title='bbox 1334 2982 1422 3048; x_wconf 93' lang='lat' dir='ltr'>illud</span> <span class='ocrx_word' id='word_1_237' title='bbox 1444 3005 1465 3048; x_wconf 90' lang='lat' dir='ltr'>a</span> <span class='ocrx_word' id='word_1_238' title='bbox 1486 2986 1534 3050; x_wconf 91' lang='lat' dir='ltr'>Si-</span> 
     </span>
     <span class='ocr_line' id='line_1_26' title="bbox 202 3087 1534 3176; baseline 0 -20"><span class='ocrx_word' id='word_1_239' title='bbox 202 3111 303 3156; x_wconf 89' lang='lat' dir='ltr'>mone</span> <span class='ocrx_word' id='word_1_240' title='bbox 319 3093 519 3176; x_wconf 88' lang='lat' dir='ltr'>suggestum</span> <span class='ocrx_word' id='word_1_241' title='bbox 541 3089 643 3154; x_wconf 89' lang='lat' dir='ltr'>fuisse</span> <span class='ocrx_word' id='word_1_242' title='bbox 667 3088 741 3173; x_wconf 90' lang='lat' dir='ltr'>regi</span> <span class='ocrx_word' id='word_1_243' title='bbox 761 3092 977 3176; x_wconf 86' lang='lat' dir='ltr'>pergratum.</span> <span class='ocrx_word' id='word_1_244' title='bbox 999 3087 1139 3153; x_wconf 84' lang='lat' dir='ltr'>Mittitur</span> <span class='ocrx_word' id='word_1_245' title='bbox 1157 3088 1357 3169; x_wconf 86' lang='lat' dir='ltr'>Heliodorus</span> <span class='ocrx_word' id='word_1_246' title='bbox 1375 3089 1420 3156; x_wconf 90' lang='lat' dir='ltr'>ad</span> <span class='ocrx_word' id='word_1_247' title='bbox 1436 3090 1534 3156; x_wconf 92' lang='lat' dir='ltr'>inve-</span> 
     </span>
     <span class='ocr_line' id='line_1_27' title="bbox 201 3193 1532 3282; baseline 0 -20"><span class='ocrx_word' id='word_1_248' title='bbox 201 3194 418 3281; x_wconf 90' lang='lat' dir='ltr'>stigandum;</span> <span class='ocrx_word' id='word_1_249' title='bbox 445 3216 488 3261; x_wconf 90' lang='lat' dir='ltr'>ne</span> <span class='ocrx_word' id='word_1_250' title='bbox 516 3194 650 3260; x_wconf 88' lang='lat' dir='ltr'>aulerat</span> <span class='ocrx_word' id='word_1_251' title='bbox 674 3194 871 3281; x_wconf 88' lang='lat' dir='ltr'>pecuniam,</span> <span class='ocrx_word' id='word_1_252' title='bbox 897 3193 1061 3260; x_wconf 89' lang='lat' dir='ltr'>divinitus</span> <span class='ocrx_word' id='word_1_253' title='bbox 1085 3193 1285 3282; x_wconf 89' lang='lat' dir='ltr'>impeditur.</span> <span class='ocrx_word' id='word_1_254' title='bbox 1312 3195 1428 3261; x_wconf 91' lang='lat' dir='ltr'>Simon</span> <span class='ocrx_word' id='word_1_255' title='bbox 1450 3218 1532 3263; x_wconf 85' lang='lat' dir='ltr'>vero</span> 
     </span>
     <span class='ocr_line' id='line_1_28' title="bbox 202 3298 1531 3389; baseline 0.001 -21"><span class='ocrx_word' id='word_1_256' title='bbox 202 3301 323 3368; x_wconf 88' lang='lat' dir='ltr'>Oniam</span> <span class='ocrx_word' id='word_1_257' title='bbox 345 3308 522 3389; x_wconf 87' lang='lat' dir='ltr'>tamquam</span> <span class='ocrx_word' id='word_1_258' title='bbox 539 3298 621 3367; x_wconf 91' lang='lat' dir='ltr'>mali</span> <span class='ocrx_word' id='word_1_259' title='bbox 640 3299 852 3365; x_wconf 88' lang='lat' dir='ltr'>incentorem</span> <span class='ocrx_word' id='word_1_260' title='bbox 869 3298 909 3365; x_wconf 93' lang='lat' dir='ltr'>in</span> <span class='ocrx_word' id='word_1_261' title='bbox 927 3306 1062 3366; x_wconf 89' lang='lat' dir='ltr'>tentum</span> <span class='ocrx_word' id='word_1_262' title='bbox 1082 3304 1228 3380; x_wconf 90' lang='lat' dir='ltr'>accusat,</span> <span class='ocrx_word' id='word_1_263' title='bbox 1249 3307 1286 3366; x_wconf 92' lang='lat' dir='ltr'>ut</span> <span class='ocrx_word' id='word_1_264' title='bbox 1301 3303 1401 3367; x_wconf 88' lang='lat' dir='ltr'>Onias</span> <span class='ocrx_word' id='word_1_265' title='bbox 1416 3301 1460 3368; x_wconf 89' lang='lat' dir='ltr'>ad</span> <span class='ocrx_word' id='word_1_266' title='bbox 1480 3324 1531 3369; x_wconf 90' lang='lat' dir='ltr'>re·</span> 
     </span>
     <span class='ocr_line' id='line_1_29' title="bbox 203 3404 1532 3497; baseline -0.001 -22"><span class='ocrx_word' id='word_1_267' title='bbox 203 3408 424 3497; x_wconf 89' lang='lat' dir='ltr'>primendam</span> <span class='ocrx_word' id='word_1_268' title='bbox 436 3407 583 3474; x_wconf 92' lang='lat' dir='ltr'>Simonis</span> <span class='ocrx_word' id='word_1_269' title='bbox 597 3404 764 3473; x_wconf 88' lang='lat' dir='ltr'>malitiam</span> <span class='ocrx_word' id='word_1_270' title='bbox 779 3405 822 3471; x_wconf 90' lang='lat' dir='ltr'>ad</span> <span class='ocrx_word' id='word_1_271' title='bbox 838 3426 956 3492; x_wconf 90' lang='lat' dir='ltr'>regem</span> <span class='ocrx_word' id='word_1_272' title='bbox 968 3428 1004 3471; x_wconf 90' lang='lat' dir='ltr'>se</span> <span class='ocrx_word' id='word_1_273' title='bbox 1018 3406 1170 3472; x_wconf 80' lang='lat' dir='ltr'>conferre</span> <span class='ocrx_word' id='word_1_274' title='bbox 1185 3409 1414 3473; x_wconf 88' lang='lat' dir='ltr'>necessarium</span> <span class='ocrx_word' id='word_1_275' title='bbox 1429 3407 1532 3475; x_wconf 87' lang='lat' dir='ltr'>duxe-</span> 
     </span>
     <span class='ocr_line' id='line_1_30' title="bbox 202 3502 1534 3599; baseline -0.001 -18"><span class='ocrx_word' id='word_1_276' title='bbox 202 3515 258 3581; x_wconf 90' lang='lat' dir='ltr'>rit.</span> <span class='ocrx_word' id='word_1_277' title='bbox 276 3514 377 3581; x_wconf 87' lang='lat' dir='ltr'>Onias</span> <span class='ocrx_word' id='word_1_278' title='bbox 396 3515 466 3580; x_wconf 91' lang='lat' dir='ltr'>iam</span> <span class='ocrx_word' id='word_1_279' title='bbox 489 3536 558 3579; x_wconf 90' lang='lat' dir='ltr'>non</span> <span class='ocrx_word' id='word_1_280' title='bbox 577 3533 732 3579; x_wconf 91' lang='lat' dir='ltr'>reversus</span> <span class='ocrx_word' id='word_1_281' title='bbox 752 3516 802 3579; x_wconf 90' lang='lat' dir='ltr'>est</span> <span class='ocrx_word' id='word_1_282' title='bbox 823 3511 860 3578; x_wconf 93' lang='lat' dir='ltr'>in</span> <span class='ocrx_word' id='word_1_283' title='bbox 881 3502 1080 3578; x_wconf 80' lang='lat' dir='ltr'>Ierusalem.</span> <span class='ocrx_word' id='word_1_284' title='bbox 1097 3512 1239 3579; x_wconf 89' lang='lat' dir='ltr'>Seleuco</span> <span class='ocrx_word' id='word_1_285' title='bbox 1261 3535 1343 3599; x_wconf 90' lang='lat' dir='ltr'>rege</span> <span class='ocrx_word' id='word_1_286' title='bbox 1365 3536 1442 3579; x_wconf 83' lang='lat' dir='ltr'>mox</span> <span class='ocrx_word' id='word_1_287' title='bbox 1462 3515 1534 3581; x_wconf 89' lang='lat' dir='ltr'>vita</span> 
     </span>
     <span class='ocr_line' id='line_1_31' title="bbox 201 3617 1531 3708; baseline 0.001 -22"><span class='ocrx_word' id='word_1_288' title='bbox 201 3624 318 3688; x_wconf 83' lang='lat' dir='ltr'>iuncto</span> <span class='ocrx_word' id='word_1_289' title='bbox 341 3627 449 3703; x_wconf 91' lang='lat' dir='ltr'>lason,</span> <span class='ocrx_word' id='word_1_290' title='bbox 477 3621 583 3687; x_wconf 83' lang='lat' dir='ltr'>irater</span> <span class='ocrx_word' id='word_1_291' title='bbox 610 3618 726 3701; x_wconf 87' lang='lat' dir='ltr'>Ouiae,</span> <span class='ocrx_word' id='word_1_292' title='bbox 752 3618 919 3684; x_wconf 82' lang='lat' dir='ltr'>Antiocho</span> <span class='ocrx_word' id='word_1_293' title='bbox 944 3624 984 3684; x_wconf 83' lang='lat' dir='ltr'>lv</span> <span class='ocrx_word' id='word_1_294' title='bbox 1009 3617 1164 3708; x_wconf 90' lang='lat' dir='ltr'>promisit</span> <span class='ocrx_word' id='word_1_295' title='bbox 1189 3620 1321 3686; x_wconf 88' lang='lat' dir='ltr'>talenta</span> <span class='ocrx_word' id='word_1_296' title='bbox 1345 3625 1421 3703; x_wconf 79' lang='lat' dir='ltr'>aso,</span> <span class='ocrx_word' id='word_1_297' title='bbox 1444 3621 1473 3687; x_wconf 90' lang='lat' dir='ltr'>si</span> <span class='ocrx_word' id='word_1_298' title='bbox 1495 3643 1531 3687; x_wconf 86' lang='lat' dir='ltr'>se</span> 
     </span>
     <span class='ocr_line' id='line_1_32' title="bbox 201 3724 1533 3817; baseline -0.001 -23"><span class='ocrx_word' id='word_1_299' title='bbox 201 3727 429 3795; x_wconf 87' lang='lat' dir='ltr'>constitueret</span> <span class='ocrx_word' id='word_1_300' title='bbox 450 3726 667 3817; x_wconf 90' lang='lat' dir='ltr'>pontificem;</span> <span class='ocrx_word' id='word_1_301' title='bbox 694 3730 872 3814; x_wconf 90' lang='lat' dir='ltr'>praeterea</span> <span class='ocrx_word' id='word_1_302' title='bbox 896 3724 963 3791; x_wconf 90' lang='lat' dir='ltr'>alia</span> <span class='ocrx_word' id='word_1_303' title='bbox 990 3724 1163 3813; x_wconf 89' lang='lat' dir='ltr'>pollicitus</span> <span class='ocrx_word' id='word_1_304' title='bbox 1186 3734 1237 3790; x_wconf 89' lang='lat' dir='ltr'>est</span> <span class='ocrx_word' id='word_1_305' title='bbox 1255 3726 1383 3793; x_wconf 89' lang='lat' dir='ltr'>talenta</span> <span class='ocrx_word' id='word_1_306' title='bbox 1407 3734 1482 3807; x_wconf 87' lang='lat'>150,</span> <span class='ocrx_word' id='word_1_307' title='bbox 1503 3727 1533 3793; x_wconf 92' lang='lat' dir='ltr'>si</span> 
     </span>
     <span class='ocr_line' id='line_1_33' title="bbox 199 3830 1532 3919; baseline 0 -19"><span class='ocrx_word' id='word_1_308' title='bbox 199 3833 266 3900; x_wconf 91' lang='lat' dir='ltr'>sibi</span> <span class='ocrx_word' id='word_1_309' title='bbox 282 3835 381 3901; x_wconf 87' lang='lat' dir='ltr'>venia</span> <span class='ocrx_word' id='word_1_310' title='bbox 401 3833 645 3900; x_wconf 90' lang='lat' dir='ltr'>concederetur</span> <span class='ocrx_word' id='word_1_311' title='bbox 662 3832 699 3897; x_wconf 94' lang='lat' dir='ltr'>in</span> <span class='ocrx_word' id='word_1_312' title='bbox 721 3832 909 3898; x_wconf 86' lang='lat' dir='ltr'>Ierusalem</span> <span class='ocrx_word' id='word_1_313' title='bbox 930 3830 1137 3897; x_wconf 83' lang='lat' dir='ltr'>aedificandi</span> <span class='ocrx_word' id='word_1_314' title='bbox 1158 3833 1376 3919; x_wconf 78' lang='lat' dir='ltr'>gymnasium</span> <span class='ocrx_word' id='word_1_315' title='bbox 1399 3840 1432 3899; x_wconf 93' lang='lat' dir='ltr'>et</span> <span class='ocrx_word' id='word_1_316' title='bbox 1451 3855 1532 3900; x_wconf 88' lang='lat' dir='ltr'>ven-</span> 
     </span>
     <span class='ocr_line' id='line_1_34' title="bbox 201 3938 1532 4026; baseline -0.001 -20"><span class='ocrx_word' id='word_1_317' title='bbox 201 3940 308 4007; x_wconf 89' lang='lat' dir='ltr'>dendi</span> <span class='ocrx_word' id='word_1_318' title='bbox 332 3940 462 4007; x_wconf 90' lang='lat' dir='ltr'>civibus</span> <span class='ocrx_word' id='word_1_319' title='bbox 490 3938 664 4006; x_wconf 87' lang='lat' dir='ltr'>civitatem</span> <span class='ocrx_word' id='word_1_320' title='bbox 689 3940 943 4008; x_wconf 87' lang='lat' dir='ltr'>antiochenam.</span> <span class='ocrx_word' id='word_1_321' title='bbox 969 3942 1061 4015; x_wconf 82' lang='lat' dir='ltr'>Quae</span> <span class='ocrx_word' id='word_1_322' title='bbox 1085 3938 1202 4004; x_wconf 89' lang='lat' dir='ltr'>omnia</span> <span class='ocrx_word' id='word_1_323' title='bbox 1230 3938 1380 4005; x_wconf 92' lang='lat' dir='ltr'>obtinuit</span> <span class='ocrx_word' id='word_1_324' title='bbox 1405 3963 1426 4005; x_wconf 90' lang='lat' dir='ltr'>a</span> <span class='ocrx_word' id='word_1_325' title='bbox 1449 3961 1532 4026; x_wconf 88' lang='lat' dir='ltr'>rege</span> 
     </span>
     <span class='ocr_line' id='line_1_35' title="bbox 202 4040 1532 4135; baseline 0 -22"><span class='ocrx_word' id='word_1_326' title='bbox 202 4047 257 4113; x_wconf 93' lang='lat' dir='ltr'>cui</span> <span class='ocrx_word' id='word_1_327' title='bbox 286 4040 520 4132; x_wconf 83' lang='lat' dir='ltr'>gratissimum</span> <span class='ocrx_word' id='word_1_328' title='bbox 552 4051 626 4111; x_wconf 90' lang='lat' dir='ltr'>erat</span> <span class='ocrx_word' id='word_1_329' title='bbox 654 4043 698 4111; x_wconf 91' lang='lat' dir='ltr'>ab</span> <span class='ocrx_word' id='word_1_330' title='bbox 724 4045 806 4134; x_wconf 92' lang='lat' dir='ltr'>ipsis</span> <span class='ocrx_word' id='word_1_331' title='bbox 835 4044 1038 4110; x_wconf 89' lang='lat' dir='ltr'>ludaeorum</span> <span class='ocrx_word' id='word_1_332' title='bbox 1069 4044 1246 4111; x_wconf 89' lang='lat' dir='ltr'>nobilibus</span> <span class='ocrx_word' id='word_1_333' title='bbox 1276 4046 1393 4135; x_wconf 89' lang='lat' dir='ltr'>appeti</span> <span class='ocrx_word' id='word_1_334' title='bbox 1420 4069 1532 4113; x_wconf 90' lang='lat' dir='ltr'>mores</span> 
     </span>
     <span class='ocr_line' id='line_1_36' title="bbox 202 4150 1530 4241; baseline 0 -22"><span class='ocrx_word' id='word_1_335' title='bbox 202 4157 427 4235; x_wconf 81' lang='lat' dir='ltr'>Graecorum3</span> <span class='ocrx_word' id='word_1_336' title='bbox 450 4174 489 4218; x_wconf 81' lang='lat' dir='ltr'>ex</span> <span class='ocrx_word' id='word_1_337' title='bbox 503 4152 567 4219; x_wconf 92' lang='lat' dir='ltr'>hac</span> <span class='ocrx_word' id='word_1_338' title='bbox 580 4150 856 4241; x_wconf 87' lang='lat' dir='ltr'>promptitudine</span> <span class='ocrx_word' id='word_1_339' title='bbox 870 4173 939 4240; x_wconf 89' lang='lat' dir='ltr'>qua</span> <span class='ocrx_word' id='word_1_340' title='bbox 959 4150 1059 4217; x_wconf 89' lang='lat' dir='ltr'>multi</span> <span class='ocrx_word' id='word_1_341' title='bbox 1075 4174 1109 4216; x_wconf 91' lang='lat' dir='ltr'>so</span> <span class='ocrx_word' id='word_1_342' title='bbox 1125 4150 1195 4217; x_wconf 91' lang='lat' dir='ltr'>illis</span> <span class='ocrx_word' id='word_1_343' title='bbox 1214 4152 1530 4234; x_wconf 88' lang='lat' dir='ltr'>accommodarunt,</span> 
     </span>
     <span class='ocr_line' id='line_1_37' title="bbox 203 4256 1532 4346; baseline 0 -21"><span class='ocrx_word' id='word_1_344' title='bbox 203 4260 308 4326; x_wconf 89' lang='lat' dir='ltr'>etiam</span> <span class='ocrx_word' id='word_1_345' title='bbox 331 4258 468 4327; x_wconf 81' lang='lat' dir='ltr'>facilius</span> <span class='ocrx_word' id='word_1_346' title='bbox 486 4258 693 4344; x_wconf 86' lang='lat' dir='ltr'>intelligitur</span> <span class='ocrx_word' id='word_1_347' title='bbox 714 4257 767 4323; x_wconf 91' lang='lat' dir='ltr'>ira</span> <span class='ocrx_word' id='word_1_348' title='bbox 788 4256 880 4343; x_wconf 89' lang='lat' dir='ltr'>regis</span> <span class='ocrx_word' id='word_1_349' title='bbox 898 4263 933 4323; x_wconf 88' lang='lat' dir='ltr'>et</span> <span class='ocrx_word' id='word_1_350' title='bbox 956 4258 1053 4323; x_wconf 82' lang='lat' dir='ltr'>furor</span> <span class='ocrx_word' id='word_1_351' title='bbox 1073 4256 1110 4323; x_wconf 93' lang='lat' dir='ltr'>in</span> <span class='ocrx_word' id='word_1_352' title='bbox 1135 4257 1220 4323; x_wconf 90' lang='lat' dir='ltr'>alios</span> <span class='ocrx_word' id='word_1_353' title='bbox 1243 4259 1303 4346; x_wconf 91' lang='lat' dir='ltr'>qui</span> <span class='ocrx_word' id='word_1_354' title='bbox 1326 4259 1403 4326; x_wconf 90' lang='lat' dir='ltr'>illos</span> <span class='ocrx_word' id='word_1_355' title='bbox 1422 4282 1532 4325; x_wconf 87' lang='lat' dir='ltr'>mores</span> 
     </span>
     <span class='ocr_line' id='line_1_38' title="bbox 203 4362 1532 4452; baseline 0 -21"><span class='ocrx_word' id='word_1_356' title='bbox 203 4366 384 4452; x_wconf 85' lang='lat' dir='ltr'>religionis</span> <span class='ocrx_word' id='word_1_357' title='bbox 399 4388 500 4433; x_wconf 88' lang='lat' dir='ltr'>causa</span> <span class='ocrx_word' id='word_1_358' title='bbox 520 4362 764 4447; x_wconf 83' lang='lat' dir='ltr'>abhorrebant.</span> <span class='ocrx_word' id='word_1_359' title='bbox 780 4369 826 4429; x_wconf 82' lang='lat' dir='ltr'>Ex</span> <span class='ocrx_word' id='word_1_360' title='bbox 845 4363 1081 4433; x_wconf 88' lang='lat' dir='ltr'>sacerdotibus</span> <span class='ocrx_word' id='word_1_361' title='bbox 1096 4363 1196 4430; x_wconf 90' lang='lat' dir='ltr'>multi</span> <span class='ocrx_word' id='word_1_362' title='bbox 1210 4365 1253 4429; x_wconf 92' lang='lat' dir='ltr'>ad</span> <span class='ocrx_word' id='word_1_363' title='bbox 1274 4367 1430 4432; x_wconf 89' lang='lat' dir='ltr'>instituta</span> <span class='ocrx_word' id='word_1_364' title='bbox 1449 4366 1532 4433; x_wconf 93' lang='lat' dir='ltr'>alie-</span> 
     </span>
     <span class='ocr_line' id='line_1_39' title="bbox 203 4469 1529 4560; baseline -0.001 -21"><span class='ocrx_word' id='word_1_365' title='bbox 203 4474 409 4560; x_wconf 87' lang='lat' dir='ltr'>nigenarum</span> <span class='ocrx_word' id='word_1_366' title='bbox 431 4470 625 4538; x_wconf 88' lang='lat' dir='ltr'>transibant</span> <span class='ocrx_word' id='word_1_367' title='bbox 651 4471 773 4537; x_wconf 90' lang='lat' dir='ltr'>ritibus</span> <span class='ocrx_word' id='word_1_368' title='bbox 796 4470 917 4559; x_wconf 89' lang='lat' dir='ltr'>patriis</span> <span class='ocrx_word' id='word_1_369' title='bbox 937 4492 977 4536; x_wconf 90' lang='lat' dir='ltr'>ac</span> <span class='ocrx_word' id='word_1_370' title='bbox 1000 4469 1105 4535; x_wconf 92' lang='lat' dir='ltr'>sacris</span> <span class='ocrx_word' id='word_1_371' title='bbox 1130 4471 1295 4555; x_wconf 82' lang='lat' dir='ltr'>neglectis</span> <span class='ocrx_word' id='word_1_372' title='bbox 1321 4479 1354 4538; x_wconf 88' lang='lat' dir='ltr'>ct</span> <span class='ocrx_word' id='word_1_373' title='bbox 1378 4473 1529 4539; x_wconf 88' lang='lat' dir='ltr'>abiectis.</span> 
     </span>
     <span class='ocr_line' id='line_1_40' title="bbox 203 4576 1531 4665; baseline 0.001 -20"><span class='ocrx_word' id='word_1_374' title='bbox 203 4584 300 4645; x_wconf 89' lang='lat' dir='ltr'>lason</span> <span class='ocrx_word' id='word_1_375' title='bbox 317 4579 412 4647; x_wconf 92' lang='lat' dir='ltr'>haud</span> <span class='ocrx_word' id='word_1_376' title='bbox 426 4579 486 4646; x_wconf 94' lang='lat' dir='ltr'>diu</span> <span class='ocrx_word' id='word_1_377' title='bbox 500 4582 615 4665; x_wconf 89' lang='lat' dir='ltr'>empto</span> <span class='ocrx_word' id='word_1_378' title='bbox 633 4576 833 4664; x_wconf 87' lang='lat' dir='ltr'>pontificatu</span> <span class='ocrx_word' id='word_1_379' title='bbox 848 4576 973 4643; x_wconf 85' lang='lat' dir='ltr'>fruitus</span> <span class='ocrx_word' id='word_1_380' title='bbox 988 4584 1049 4644; x_wconf 85' lang='lat' dir='ltr'>est.</span> <span class='ocrx_word' id='word_1_381' title='bbox 1068 4577 1246 4659; x_wconf 75' lang='lat' dir='ltr'>llenelauS,</span> <span class='ocrx_word' id='word_1_382' title='bbox 1263 4579 1368 4645; x_wconf 87' lang='lat' dir='ltr'>frater</span> <span class='ocrx_word' id='word_1_383' title='bbox 1383 4579 1531 4646; x_wconf 89' lang='lat' dir='ltr'>Simonis</span> 
     </span>
     <span class='ocr_line' id='line_1_41' title="bbox 205 4682 1532 4776; baseline 0.002 -25"><span class='ocrx_word' id='word_1_384' title='bbox 205 4684 261 4763; x_wconf 70' lang='lat' dir='ltr'>lde</span> <span class='ocrx_word' id='word_1_385' title='bbox 278 4708 346 4775; x_wconf 90' lang='lat' dir='ltr'>quo</span> <span class='ocrx_word' id='word_1_386' title='bbox 364 4684 494 4775; x_wconf 79' lang='lat' dir='ltr'>supra),</span> <span class='ocrx_word' id='word_1_387' title='bbox 515 4690 592 4775; x_wconf 93' lang='lat' dir='ltr'>post</span> <span class='ocrx_word' id='word_1_388' title='bbox 610 4683 796 4749; x_wconf 87' lang='lat' dir='ltr'>triennium</span> <span class='ocrx_word' id='word_1_389' title='bbox 814 4685 889 4770; x_wconf 88' lang='lat' dir='ltr'>regi</span> <span class='ocrx_word' id='word_1_390' title='bbox 905 4682 1072 4750; x_wconf 90' lang='lat' dir='ltr'>maiorem</span> <span class='ocrx_word' id='word_1_391' title='bbox 1091 4684 1258 4772; x_wconf 88' lang='lat' dir='ltr'>pecuniae</span> <span class='ocrx_word' id='word_1_392' title='bbox 1273 4706 1443 4751; x_wconf 88' lang='lat' dir='ltr'>summam</span> <span class='ocrx_word' id='word_1_393' title='bbox 1457 4710 1532 4776; x_wconf 91' lang='lat' dir='ltr'>pro-</span> 
     </span>
     <span class='ocr_line' id='line_1_42' title="bbox 205 4789 1531 4881; baseline 0.002 -24"><span class='ocrx_word' id='word_1_394' title='bbox 205 4793 341 4859; x_wconf 87' lang='lat' dir='ltr'>mittens</span> <span class='ocrx_word' id='word_1_395' title='bbox 360 4790 509 4859; x_wconf 88' lang='lat' dir='ltr'>obtinuit</span> <span class='ocrx_word' id='word_1_396' title='bbox 524 4792 744 4879; x_wconf 68' lang='lat' dir='ltr'>dignitatem</span> <span class='ocrx_word' id='word_1_397' title='bbox 765 4811 887 4857; x_wconf 88' lang='lat' dir='ltr'>verum</span> <span class='ocrx_word' id='word_1_398' title='bbox 908 4790 990 4879; x_wconf 88' lang='lat' dir='ltr'>quia</span> <span class='ocrx_word' id='word_1_399' title='bbox 1004 4792 1185 4879; x_wconf 89' lang='lat' dir='ltr'>pecuniam</span> <span class='ocrx_word' id='word_1_400' title='bbox 1201 4789 1335 4856; x_wconf 84' lang='lat' dir='ltr'>solvere</span> <span class='ocrx_word' id='word_1_401' title='bbox 1349 4814 1419 4858; x_wconf 90' lang='lat' dir='ltr'>non</span> <span class='ocrx_word' id='word_1_402' title='bbox 1435 4801 1531 4881; x_wconf 90' lang='lat' dir='ltr'>pote-</span> 
     </span>
    </p>
   </div>
   <div class='ocr_carea' id='block_1_3' title="bbox 1755 4743 1806 4841">
    <p class='ocr_par' dir='ltr' id='par_1_3' title="bbox 1755 4743 1806 4841">
     <span class='ocr_line' id='line_1_43' title="bbox 1755 4743 1806 4841; baseline 0 0"><span class='ocrx_word' id='word_1_403' title='bbox 1755 4743 1806 4841; x_wconf 68' lang='lat' dir='ltr'>„l</span> 
     </span>
    </p>
   </div>
   <div class='ocr_carea' id='block_1_4' title="bbox 0 0 1818 5367">
    <p class='ocr_par' dir='ltr' id='par_1_4' title="bbox 0 0 1818 5367">
     <span class='ocr_line' id='line_1_44' title="bbox 0 0 1818 5367; baseline 0 0"><span class='ocrx_word' id='word_1_404' title='bbox 0 0 1818 5367; x_wconf 95' lang='lat' dir='ltr'> </span> 
     </span>
    </p>
   </div>
  </div>
 </body>
</html>
