3625 5367
707 288 734 346 1.
758 303 849 347 κλοπ.
875 287 1036 356 nondun.
1481 297 1534 355 191

201 474 235 522 Et
250 473 357 522 audivit
367 472 520 524 Alexander
532 488 578 523 rea
594 483 618 524 et
632 478 807 526 contristatur
852 468 911 522 τοῦ.
930 465 978 524 68.
1000 464 1057 522 Καὶ
1070 465 1183 536 ἤκουσεν
1200 467 1372 548 Ἀλέξανδρος
1386 475 1400 529 θ
1414 471 1537 550 βασιλεὺς

200 569 238 611 est
260 561 337 612 ratde
367 567 391 610 et
416 576 536 612 reuersus
561 571 598 612 est
626 565 805 615 Antiochiam.
853 551 898 609 καὶ
919 551 1038 624 ἐλυπήθη
1058 553 1160 635 σφόδρα
1181 557 1226 614 καὶ
1245 558 1410 639 ἀπέστρεψεν
1430 561 1537 628 είςἈν-

200 650 244 702 69.
258 652 292 700 Et
307 651 446 700 constituit
461 651 608 702 Demetrius
630 666 675 702 rea
695 653 806 718 Apolla-
853 640 981 721 τιόχειαν.
1018 645 1068 704 69.
1109 644 1161 703 Καὶ
1201 646 1350 720 κατέστησε
1385 652 1538 730 Δημήτριος

199 740 276 788 nium
288 741 380 788 ducem
394 742 441 803 qui
455 748 583 806 praeerat
599 742 767 806 Caelespriae
782 750 806 791 et
853 727 1028 790 Ἀπολλώνιον
1051 731 1094 789 τόν
1108 732 1172 790 ὄντα
1188 734 1232 792 ἐπὶ
1253 735 1353 808 Κοίλης
1373 737 1471 818 Συρίας
1492 741 1537 797 καὶ

198 830 373 891 conpreparit
394 832 538 878 exereitum
559 844 687 895 maynum
711 838 736 880 et
760 844 805 880 ae·
852 817 986 896 συνήγαγε
1005 819 1117 898 δύναμιν
1139 823 1259 898 μεγάλην
1281 825 1326 882 καὶ
1356 826 1536 905 παρενέόαλεν

199 919 276 966 cernit
301 917 337 966 ad
362 918 497 966 lumniam
518 924 541 967 et
566 921 638 968 misit
664 920 698 969 ad
723 925 805 968 lona-
852 906 1025 988 ἓνἸαμνείορ,
1046 909 1090 968 καλ
1111 909 1251 970 ἀπέστειλε
1272 911 1536 993 πρὸςἿωνοίθαντθν
1606 959 1612 974 .

200 1007 267 1055 than
289 1020 420 1056 summum
433 1008 605 1068 sacerdotem,
620 1007 803 1059 70.·dieens:
852 993 988 1074 ἀρχιερέα,
1016 998 1064 1056 70.
1091 996 1187 1074 λόγων·
1212 999 1244 1060 σὺ
1266 1001 1417 1074 μονώτατος
1439 1007 1535 1085 ἐπαίρη

199 1103 227 1146 tu
241 1094 314 1143 εοίυε
330 1096 433 1144 resistis
446 1097 540 1156 nabis;
553 1111 599 1160 epo
615 1105 702 1146 autem
717 1096 805 1160 faetus
851 1082 891 1163 ἐρ’
903 1089 987 1158 ἡμᾶς,
1004 1083 1056 1163 ἐγὼ
1068 1086 1094 1145 δὲ
1110 1087 1236 1163 ἐγενήθην
1252 1090 1288 1156 εἰς
1299 1089 1474 1168 καταγέλωτα
1488 1095 1534 1153 καί

198 1197 255 1232 ενοι
265 1185 297 1232 iu
310 1183 428 1233 derisum
441 1193 464 1233 et
480 1186 511 1234 in
524 1184 709 1249 opprobrium,
724 1199 804 1250 prop·
851 1174 886 1238 τίς
900 1173 1049 1250 ὄνειδισμθν
1065 1173 1109 1233 td
1126 1175 1167 1234 σέ·
1183 1176 1230 1235 καί
1246 1175 1289 1235 διδι
1304 1177 1330 1236 τί
1345 1178 1376 1238 σθ
1393 1178 1531 1260 ἐξουσιόζῃ

199 1279 269 1320 terea
284 1273 351 1336 quia
373 1278 401 1322 tu
422 1281 579 1337 patestatem
595 1275 735 1324 aduersum
756 1288 804 1324 ειοε
850 1261 890 1340 ἐρ’
911 1265 983 1337 ἡμᾶς
1007 1263 1033 1320 έν
1056 1263 1110 1330 τοῖς
1133 1264 1222 1342 ὅρασις
1249 1269 1296 1326 71.
1314 1271 1360 1325 νῦν
1383 1258 1427 1325 οθν
1444 1271 1467 1328 εί
1482 1269 1532 1328 πέ-

198 1374 299 1410 exereer
321 1362 353 1410 in
371 1362 514 1412 montibus.
534 1363 580 1412 71.
599 1364 674 1413 Nune
695 1377 756 1426 erpa
779 1365 803 1412 st
849 1356 943 1417 tt0t⁰⁰tt
957 1350 1000 1408 ἐπὶ
1021 1354 1078 1418 ταῖς
1092 1353 1220 1430 δυνάμεσί
1240 1377 1298 1429 σου,
1319 1355 1452 1430 καταίὸηθι
1467 1359 1531 1438 πρὸς

198 1450 308 1513 confidis
323 1451 355 1500 iu
372 1451 519 1501 uirtutibus
538 1453 602 1511 tuis,
620 1453 745 1502 descende
769 1453 804 1502 ad
849 1441 922 1513 ἡμᾶς
940 1440 976 1506 εἷς
996 1441 1026 1498 τὸ
1045 1440 1135 1500 πεδίον
1156 1442 1202 1502 καλ
1226 1447 1409 1525 συγκριθῶμεν
1429 1449 1532 1510 ἑαυτοῖς

197 1552 244 1586 ποι
260 1539 292 1586 iu
304 1553 428 1603 eampum
442 1547 467 1589 et
482 1553 664 1604 comparemus
680 1540 740 1590 iliic
757 1543 804 1589 in·
849 1530 913 1598 έκεῖ,
928 1526 968 1586 ότι
983 1532 1042 1597 μετ’
1060 1531 1123 1604 ἐμοῦ
1138 1531 1194 1590 ἐστὶ
1214 1532 1324 1610 δύναμις
1344 1538 1395 1593 τῶν
1415 1535 1528 1596 πολεων.

198 1629 288 1686 ricem,
306 1629 371 1690 quia
387 1642 486 1678 meeum
500 1636 538 1677 εει
552 1630 640 1679 uirtus
661 1629 801 1680 bellarum.
851 1617 898 1686 θλ,
912 1615 1066 1694 Ἐρώτηαον
1078 1619 1123 1676 καί
1135 1621 1213 1695 μάθε,
1224 1619 1262 1687 τίς
1274 1623 1328 1698 εἰμι
1342 1622 1388 1681 καὶ
1404 1626 1427 1680 οί
1445 1624 1531 1684 λοιποί

198 1715 241 1766 72.
262 1715 414 1778 lnterrapa,
436 1723 462 1766 et
485 1718 555 1766 disee
580 1720 640 1780 quir
663 1733 721 1766 rum
744 1733 800 1782 epo,
848 1707 872 1762 οί
892 1708 1049 1784 βοηθοῦντες
1067 1711 1144 1782 ἡμῖν,
1170 1711 1215 1767 καλ
1236 1709 1369 1786 λέγουσιν·
1390 1713 1437 1770 οὐκ
1458 1711 1530 1772 ἐστιν

198 1810 220 1852 et
236 1805 316 1853 ceteri
331 1807 377 1867 qui
395 1805 500 1856 auritio
517 1813 580 1855 runt
600 1807 677 1868 mihi,
695 1808 760 1869 quia
777 1813 802 1855 et
849 1796 910 1868 ὑμῖν
926 1795 1018 1861 σταίσις
1039 1795 1119 1862 ποδός
1138 1797 1207 1857 κατὰ
1229 1797 1368 1877 πρόςωπον
1383 1802 1469 1876 ήμῶν,
1489 1801 1530 1859 dm

197 1893 289 1943 dicunt
308 1895 373 1955 quia
392 1907 448 1943 nou
465 1901 552 1959 potest
570 1902 642 1944 stare
657 1909 702 1959 per
717 1902 802 1945 uester
848 1882 886 1947 δίς
906 1884 1096 1963 ε’τροπώθησαν
1127 1888 1150 1944 οί
1172 1887 1283 1965 πατέρες
1308 1911 1354 1946 σου
1388 1890 1415 1945 ἐν
1439 1893 1472 1968 τῇ
1496 1893 1530 1968 γῇ

138 2024 144 2030 .
197 1989 258 2030 ante
282 1982 379 2045 faciem
400 1990 531 2043 nostram,
552 1986 618 2046 qaia
639 1984 679 2033 bis
701 1987 732 2033 in
756 1984 801 2048 s·
848 1974 947 2029 αὐτῶν·
962 1976 1011 2032 Ἰ3.
1028 1971 1075 2030 καὶ
1096 1979 1142 2032 νῦν
1156 1975 1186 2032 οὗ
1204 1975 1305 2055 δυνήσῃ
1320 1979 1529 2056 θποστήναιτήν

196 2085 257 2132 pam
275 2072 396 2121 conuersi
418 2079 481 2120 runt
502 2079 593 2135 patres
613 2075 654 2122 tut
677 2075 802 2122 interra
846 2057 928 2119 ἵππον
957 2061 1002 2120 καί
1031 2061 1142 2138 δύναμιν
1171 2063 1296 2136 τοιαύτην
1320 2067 1346 2123 ἐν
1371 2069 1410 2144 τῷ
1432 2067 1525 2148 πεδίῳ,

195 2173 257 2219 ευο;
276 2159 319 2210 73.
336 2167 362 2209 et
381 2174 453 2210 nune
472 2162 600 2223 quomodo
619 2163 720 2226 poteris
740 2177 800 2212 αυε-
847 2146 912 2209 όπου
932 2149 1055 2210 οὐκέστι
1078 2151 1147 2218 λίθος
1170 2151 1228 2211 οὐδὲ
1249 2153 1348 2233 κόγλαξ
1371 2153 1429 2212 οὐδέ
1449 2155 1528 2221 τόπος
1549 2189 1553 2196 ·

197 2249 281 2297 tinere
309 2250 458 2311 equitatum
481 2257 505 2298 et
529 2251 672 2300 exercitum
696 2258 800 2300 tanturn
845 2242 1005 2316 τοῢρυγεῖν.

196 2337 226 2386 in
245 2351 347 2402 campa,
364 2337 412 2386 ubi
426 2350 482 2388 non
501 2345 538 2388 ert
559 2339 630 2404 lapis
649 2353 733 2402 neque
752 2355 799 2388 sa-

196 2439 257 2474 rum
271 2439 356 2488 neque
372 2425 444 2475 locus
458 2426 604 2490 fugiendi?

230 2513 273 2564 71.
294 2515 324 2565 dr
347 2515 454 2565 audiuit
478 2523 567 2565 autern
587 2517 718 2566 tonathas
741 2529 800 2566 ser·
886 2506 935 2562 74.
957 2502 1007 2571 Ὡς
1026 2503 1054 2562 δὲ
1077 2503 1189 2576 ἤκουσεν
1217 2506 1345 2566 ’ίωνοίθαν
1366 2510 1417 2565 τῶν
1439 2509 1525 2585 λόγων

195 2616 282 2652 moues
310 2603 460 2668 Apaliauii,
486 2612 572 2654 matur
592 2611 630 2654 ert
650 2606 750 2664 auimo,
775 2613 798 2655 et
846 2591 1033 2665 Ἀπολλωνίου,
1050 2591 1156 2665 ἐκινήθη
1172 2595 1204 2670 τῇ
1225 2595 1336 2672 διανοίᾳ,
1356 2595 1402 2654 καὶ
1420 2596 1525 2664 έπέλεξε

194 2690 272 2754 eiepit
288 2693 373 2742 decem
388 2692 480 2741 miliia
499 2694 627 2753 utrarum,
644 2701 668 2742 et
684 2695 749 2742 exiit
765 2694 797 2742 ab
844 2680 908 2739 δέκα
920 2681 1042 2759 χιλιάδας
1056 2682 1156 2761 ἀνδρῶν
1171 2680 1217 2739 καλ
1230 2682 1335 2755 ἐξῆλθεν
1348 2681 1375 2752 ἐξ
1388 2682 1523 2762 Ἰερουσα-

195 2780 341 2830 ierusalem
362 2788 387 2830 et
409 2784 524 2831 accurrit
548 2785 574 2831 ei
598 2784 691 2831 Simon
711 2782 798 2846 frater
843 2769 910 2845 λὴμ,
927 2769 973 2828 καὶ
994 2769 1156 2842 συνήντησεν
1176 2771 1248 2850 αὐτῷ
1271 2769 1364 2847 Σίμων
1386 2774 1526 2854 θαίδελρθς

194 2871 249 2918 einr
261 2869 292 2917 in
307 2870 489 2932 adiutorium
506 2871 549 2921 75.
566 2878 590 2920 et
605 2870 797 2936 applicuerunt
844 2861 924 2917 αὐτοῦ
939 2858 983 2916 ἐπὶ
998 2857 1120 2936 βοήθειαν
1137 2861 1228 2918 αὐτοῦ’
1249 2863 1295 2920 75.
1311 2860 1355 2918 καὶ
1369 2861 1523 2940 παρενέόα-

194 2966 282 3007 caetra
297 2960 327 3007 in
342 2959 452 3022 ioppen,
469 2966 493 3008 et
514 2959 625 3009 exclusit
643 2975 702 3010 eum
721 2975 737 3009 a
757 2963 796 3010 ci·
842 2948 887 3006 λεν
902 2947 947 3006 ἐπὶ
967 2947 1089 3025 Ἰόππην,
1111 2946 1156 3006 καλ
1171 2947 1334 3008 ἀπέκλεισαν
1352 2949 1429 3020 αὐτόν
1450 2953 1473 3009 οί
1491 2953 1524 3010 ἐκ

194 3046 285 3106 ritate,
309 3047 375 3108 quia
401 3049 522 3098 custodia
547 3049 687 3114 Apollonii
716 3052 797 3115 ioppe
842 3040 889 3107 τῆς
899 3037 1011 3110 πόλεως,
1024 3035 1063 3096 ὅτι
1074 3036 1174 3117 ρρουρδι
1184 3037 1362 3098 Ἀπολλωνίου
1373 3041 1399 3098 ἐν
1411 3038 1520 3120 Ἰόππη,

193 3142 259 3197 erat,
276 3143 301 3185 et
322 3139 491 3200 appupuauit
513 3151 580 3188 eam.
598 3137 641 3188 76.
659 3140 693 3188 Et
713 3147 796 3189 enter·
841 3125 887 3184 καὶ
901 3125 1071 3203 ἐπολέμησαν
1091 3127 1185 3197 αὐτήν.
1214 3129 1261 3186 76.
1292 3128 1345 3187 Καὶ
1367 3127 1524 3207 ροόηθέντες

192 3224 240 3274 riti
265 3226 314 3287 qui
335 3232 412 3274 erant
438 3227 468 3274 iu
491 3228 609 3285 ciuitate,
631 3235 796 3290 aperuerunt
841 3214 947 3285 ἤνοιξαν
967 3219 991 3273 οί
1007 3216 1098 3284 ίκτῆτ
1115 3214 1215 3280 πόλεως
1235 3216 1280 3274 καὶ
1295 3215 1444 3295 ἐκυρίευσεν
1460 3216 1521 3276 ’la-

192 3314 216 3360 ει·
237 3320 261 3361 et
283 3313 401 3363 obtinuit
423 3315 553 3363 Ionathar
575 3317 685 3379 ioppen.
703 3315 748 3365 77.
763 3316 796 3364 Et
841 3300 924 3360 νόθαιν
939 3303 1059 3374 Ἰόππης·
1077 3305 1124 3362 77.
1148 3300 1203 3362 Καὶ
1218 3301 1330 3372 ἤκουσεν
1346 3301 1521 3372 Ἀπολλώνιος

193 3401 297 3452 audiuit
312 3401 473 3466 Apollonius
488 3410 513 3451 et
527 3404 646 3453 admouit
662 3405 717 3452 tria
731 3402 796 3451 mii·
841 3390 886 3449 καὶ
904 3388 1068 3468 παρενέόαλε
1081 3389 1227 3470 τριςγιλίαν
1246 3390 1328 3449 ίππον
1342 3391 1387 3448 καὶ
1407 3389 1519 3466 δύναμιν

193 3489 232 3538 iia
244 3492 363 3552 equitum
376 3499 400 3540 et
415 3493 559 3540 exercitum
574 3491 696 3551 muttum,
713 3492 757 3540 78.
771 3499 795 3540 et
841 3479 954 3550 πολλήν,
967 3481 1014 3540 78.
1032 3479 1077 3536 καὶ
1094 3479 1222 3558 ἐπορεύθη
1238 3483 1274 3545 είς
1288 3476 1402 3548 Ἄζωτον
1417 3483 1452 3547 ὡς
1467 3481 1519 3538 διο-

192 3578 261 3628 atn'it
280 3581 392 3629 Azotum
411 3586 547 3643 tamquam
566 3582 617 3629 iter
636 3581 752 3645 taciens,
772 3588 795 3629 et
842 3567 922 3626 δεύων
941 3567 986 3626 καί
1004 3567 1061 3643 ἅμα
1076 3571 1192 3646 προῆγεν
1207 3568 1243 3633 είς
1257 3575 1286 3625 τὸ
1308 3568 1408 3641 πεδίον,
1432 3567 1475 3625 διὰ
1491 3569 1520 3626 τὸ

191 3669 282 3716 rtatim
305 3670 370 3718 eniit
391 3670 423 3717 in
444 3683 574 3733 eampum,
595 3683 624 3718 εο
648 3670 717 3732 quod
744 3671 795 3719 tra·
841 3656 911 3736 ἔχειν
926 3655 1003 3715 αὐτὸν
1021 3657 1118 3727 πλῆθος
1139 3654 1222 3714 ίππου
1243 3655 1288 3714 καλ
1306 3659 1459 3715 πεποιθέναι
1476 3659 1519 3715 ἐπ’

192 3755 263 3806 beret
277 3756 480 3820 multitudinem
498 3759 616 3820 equitum
636 3766 660 3806 et
679 3760 794 3823 confide·
842 3747 920 3826 αὐτῇ.
939 3745 992 3806 Καὶ
1006 3743 1161 3813 κατεδίωξεν
1176 3745 1261 3804 ὀπίσω
1276 3746 1356 3803 αὐτοῦ
1376 3745 1412 3804 ti<
1426 3744 1518 3812 Ἀζω-

194 3851 231 3893 ret
246 3846 276 3894 in
287 3847 336 3896 eir.
348 3851 382 3894 Et
392 3847 528 3896 insecutus
539 3854 577 3896 ert
592 3861 651 3896 eum
666 3848 794 3896 Ianatnas
840 3858 884 3894 τον
902 3834 948 3892 κοιλ
966 3836 1085 3914 συνῆψαν
1103 3836 1130 3892 αί
1148 3832 1318 3912 παρεμόολαὶ
1339 3835 1375 3900 είς
1389 3833 1516 3908 πόλεμον.

192 3933 221 3982 in
251 3934 364 3984 Azotum
390 3941 414 3983 et
437 3937 623 3985 commiserunt
649 3935 790 4000 praetium.
842 3926 890 3984 79.
909 3924 965 3983 Καὶ
986 3923 1115 3981 ἀπέλιπεν
1133 3921 1313 3989 Ἀπολλώνιος
1333 3922 1422 4002 χιλίαν
1438 3921 1519 3981 ἰ’ππον

192 4019 234 4071 79.
257 4023 290 4072 Et
313 4023 426 4086 reliquit
448 4023 609 4088 Apoiiantus
637 4026 668 4073 in
698 4027 794 4074 castris
840 4015 962 4091 κρυπτῶς
984 4011 1144 4071 κατόπισθεν
1169 4011 1267 4071 αὐτῶν.
1293 4013 1342 4072 80.
1378 4010 1431 4072 ίίαλ
1454 4010 1521 4090 ἔγνω

191 4109 263 4160 mitte
284 4113 385 4173 equitet
405 4118 465 4176 part
494 4127 535 4161 eos
558 4113 667 4163 occulte.
691 4113 735 4163 80.
759 4115 793 4162 Et
841 4101 966 4161 Ἰωνοίθαν
983 4100 1022 4160 ότι
1037 4101 1108 4160 ἐστίν
1129 4099 1232 4179 ἔνεδρον
1250 4099 1411 4160 κατόπισθεν
1427 4102 1518 4173 αὐτοῦ,

190 4202 310 4261 rapuerit
322 4201 452 4250 larentinae
463 4202 591 4263 quoniam
604 4202 719 4255 insidiae
732 4210 793 4252 runt
840 4189 886 4248 καλ
911 4188 1065 4249 ἐκύκλωσαν
1093 4192 1173 4248 αὐτοῦ
1197 4187 1245 4261 τήν
1276 4189 1449 4269 παρεμύολήν
1478 4191 1524 4248 καὶ

188 4294 246 4350 port
270 4302 307 4348 ει,
328 4297 352 4337 ει
374 4291 541 4340 circuierunt
565 4298 655 4340 castra
684 4293 741 4341 eius
770 4298 794 4340 et
840 4276 987 4347 ἐξετίναξαν
1002 4277 1048 4345 τόις
1063 4277 1156 4359 σχίζας
1171 4283 1206 4344 είς
1221 4278 1264 4336 τὸν
1285 4279 1349 4336 λαὸν
1367 4281 1396 4336 ἐκ
1411 4273 1523 4356 πρωίθεν

190 4377 306 4427 iecerunt
321 4377 413 4432 iacula
428 4380 459 4428 in
471 4379 601 4444 papulum
621 4394 638 4429 a
654 4393 733 4428 mane
749 4393 793 4429 ur·
839 4367 890 4434 ἕως
917 4367 1015 4438 δειλης·
1046 4369 1095 4429 81.
1121 4367 1182 4426 ὁδί
1205 4365 1268 4428 λαὸς
1296 4365 1412 4438 είστήκει
1437 4364 1525 4430 καθὼς

189 4479 237 4526 que
263 4467 299 4516 ad
323 4480 476 4531 uesperam
502 4467 544 4519 81.
565 4467 683 4534 populus
708 4475 795 4517 autem
840 4455 965 4524 ἐπέταξεν
989 4455 1118 4517 ’ίωνύθαν
1146 4455 1192 4514 καλ
1216 4455 1362 4514 ἐκοπίασεν
1395 4457 1419 4512 οί
1445 4450 1523 4512 ἵπποι

189 4553 286 4615 stabat,
307 4557 377 4606 sieut
402 4563 577 4621 praeceperat
601 4557 744 4616 ionuthar;
770 4565 794 4607 et
841 4547 940 4605 αὐτῶν.
958 4547 1008 4606 82.
1034 4544 1087 4605 Καὶ
1107 4544 1212 4604 εἵλκυσε
1232 4543 1324 4622 Σίμων
1348 4545 1397 4613 τὴν
1412 4540 1523 4620 δύναμιν

191 4641 381 4694 laboraverunt
400 4647 463 4707 equi
484 4659 584 4695 earum.
603 4646 644 4696 82².
663 4647 696 4696 Et
717 4646 794 4694 eiecit
841 4634 922 4694 αὐτοῦ
941 4636 987 4694 καλ
1007 4636 1106 4714 συνῆψε
1126 4632 1191 4712 πρὸς
1210 4631 1260 4704 τήν
1277 4633 1449 4712 ρόλαγγα·ή
1472 4629 1523 4710 γθρ

189 4731 280 4788 Simon
313 4734 459 4786 exereitum
488 4749 565 4785 suum
602 4742 627 4784 et
664 4735 794 4784 eornmirit
839 4721 921 4790 ίππος
940 4723 1058 4797 ἐξελύθη,
1089 4721 1134 4780 καὶ
1156 4720 1348 4804 συνετρίόησαν
1373 4723 1417 4779 ὑπ’
1444 4721 1523 4780 αθτοῦ
