3625 5367
758 354 787 409 2.
812 366 903 410 utcu.
929 352 1088 423 tint-34.
1533 354 1590 413 397

260 501 455 591 agendique
475 498 645 567 rationem
670 499 814 567 ludaeos
839 500 1017 589 praeferre
1045 520 1102 565 rex
1125 497 1269 565 audivit.
1287 503 1373 565 Num
1393 501 1459 566 hoc
1479 502 1590 568 solum

260 608 403 688 audivit,
422 606 470 673 nil
487 606 604 673 aliud‘l
617 610 656 671 Et
672 608 709 671 in
724 628 756 671 v.
776 612 818 673 25
838 606 994 672 animum
1012 626 1113 672 suum
1135 605 1256 694 pandit
1274 606 1486 689 beneficum;
1506 613 1591 674 tem-

260 714 359 804 plum
377 711 526 781 restituit
541 712 634 801 quod
651 712 726 780 scil.
744 713 812 779 iam
832 712 974 793 habent,
990 720 1040 780 καὶ
1050 720 1256 780 πολιτεύεσθαι
1270 718 1308 778 ut
1322 734 1377 778 res
1390 734 1468 779 suas
1482 715 1592 780 admi-

259 822 405 889 nistrent
420 842 461 887 ex
476 841 568 885 more
584 823 618 886 et
631 818 878 887 consuetudine
896 819 1079 886 maiorum.
1102 822 1190 884 llaec
1205 824 1255 884 est
1270 818 1421 885 conditio
1435 818 1508 886 sine
1524 843 1594 908 qua

259 950 329 994 non
342 950 362 993 a
376 925 580 994 Machabaeo
596 926 717 1014 posita,
736 947 815 992 cum
827 915 996 992 annueret
1010 924 1174 1014 precibus
1189 923 1306 1011 Lysiae
1323 925 1369 1014 (v.
1393 927 1465 1013 15);
1486 948 1590 1015 quam

260 1056 318 1101 rex
331 1054 424 1100 nunc
442 1030 582 1099 exhibet
601 1037 778 1120 tamquam
797 1030 1006 1099 liberalitate
1027 1037 1061 1097 et
1079 1030 1323 1098 benevolentia
1344 1031 1441 1118 regia
1460 1053 1593 1099 conces-

260 1161 344 1207 sam.
373 1143 418 1206 dc
442 1138 471 1205 si
497 1138 611 1225 Lysias
635 1159 707 1203 non
732 1137 800 1203 iam
827 1136 971 1204 misisset
997 1138 1139 1224 legatos,
1162 1158 1254 1204 nunc
1278 1136 1310 1203 ei
1338 1137 1485 1204 datura
1509 1160 1590 1225 rege

260 1245 363 1313 venia
377 1251 414 1311 ut
428 1244 473 1312 ad
488 1243 632 1311 ludaeos
651 1243 859 1330 legationem
880 1243 994 1311 mittat
1012 1243 1101 1310 otiis
1124 1243 1321 1333 petentibus
1342 1243 1398 1310 det
1420 1244 1588 1325 dextram,

259 1374 381 1442 pacem
400 1352 449 1418 eis
463 1351 630 1418 concedat
644 1354 678 1416 ct
693 1348 1022 1433 reconciliationem,
1040 1350 1137 1439 quasi
1150 1372 1220 1416 non
1238 1349 1311 1439 ipse
1332 1340 1448 1436 Lysias
1467 1373 1590 1440 pacem

260 1458 483 1545 efflagitasset
501 1460 546 1547 (v.
572 1457 640 1545 lt).
663 1461 731 1523 Hac
749 1456 841 1543 regis
862 1455 1037 1523 voluntate
1060 1456 1197 1543 cognita
1218 1456 1315 1527 iubet
1333 1479 1390 1523 eos
1414 1464 1510 1541 ἡδέως
1537 1458 1590 1523 lu-

260 1564 381 1631 benter
398 1586 469 1631 sese
485 1564 661 1653 applicare
676 1563 720 1629 ad
736 1548 857 1629 curam
871 1584 988 1629 rerum
1001 1584 1155 1631 suarum.

225 1660 226 1665 ἵ
305 1676 340 1738 ln
358 1671 501 1760 epistola
516 1670 608 1756 regis
622 1671 668 1736 ad
682 1674 839 1736 senatum
856 1668 905 1759 (τῇ
929 1679 1078 1761 γερουσίᾳ,
1095 1670 1139 1735 cf.
1161 1677 1175 1735 t
1197 1668 1302 1737 Mach.
1323 1673 1413 1758 12,6)
1429 1675 1463 1737 et
1478 1671 1522 1737 ad
1538 1695 1590 1738 re-

258 1778 369 1867 liquos
391 1776 533 1844 ludaeos
555 1774 749 1855 adhibetur
764 1776 925 1856 formula,
951 1797 1020 1865 qua
1037 1777 1086 1843 uti
1106 1775 1241 1843 solebat
1265 1775 1454 1843 Antiochus
1473 1785 1587 1866 patcr;
1628 1859 1631 1865 Ι

260 1884 303 1950 cf.
324 1890 419 1965 9303
440 1882 538 1949 illam
555 1881 742 1949 formulam
767 1887 791 1950 εἰ
811 1892 942 1971 ἔρρωσθε
965 1886 1029 1949 etc.
1048 1880 1184 1968 origine
1199 1904 1270 1949 esse
1286 1904 1459 1969 graecam,
1475 1891 1592 1952 censet

258 1988 359 2057 Niese
378 2012 412 2078 p.
431 1996 490 2071 673
508 1988 682 2055 invenitur
696 1988 745 2054 -in
768 1990 902 2055 coaevis
924 1987 1047 2055 litteris
1064 1989 1296 2078 pergamenis,
1320 1989 1358 2054 in
1381 1988 1503 2056 litteris
1524 1997 1591 2057 An-

259 2096 364 2163 tiochi
379 2100 459 2177 Vlll,
474 2094 513 2160 in
532 2092 676 2183 epistola
692 2092 843 2161 Aristeae
859 2099 894 2160 et
906 2094 944 2159 in
959 2101 978 2160 3
997 2094 1102 2160 llach.
1121 2133 1165 2143 --
1182 2116 1290 2182 quare
1309 2093 1482 2163 immerito
1499 2120 1540 2163 ex
1553 2121 1593 2165 ea

258 2202 420 2283 formula,
437 2205 555 2291 utpote
574 2222 730 2280 romana,
749 2200 858 2287 aliqui
882 2200 1061 2289 epistolam
1086 2222 1157 2266 non
1180 2222 1251 2266 esse
1278 2201 1466 2285 genuinam
1488 2205 1592 2270 collo-

259 2315 396 2395 gerunt.
424 2307 593 2375 Menelaus
617 2305 710 2372 idem
735 2309 796 2385 est,
826 2305 962 2393 dequo
988 2309 1067 2386 t,23
1099 2327 1171 2393 seq.
1202 2311 1261 2387 503
1286 2313 1484 2388 κατελθόντας
1515 2319 1590 2392 ὑμᾶς

259 2424 389 2504 γίνεσθαι
403 2426 478 2502 πρὸς
502 2430 565 2492 τοῖς
590 2416 670 2491 ἰδίεις
693 2411 782 2477 velle
803 2432 862 2477 vos
878 2410 1087 2478 descendere
1105 2409 1163 2500 (ab
1189 2410 1275 2477 urbe
1291 2412 1327 2477 in
1347 2412 1526 2499 regiones;
1545 2417 1588 2483 cf.

259 2545 292 2588 v.
308 2529 350 2589 30
366 2538 428 2601 τοῖς
450 2518 751 2607 recumpensatione)
774 2524 806 2585 et
824 2517 944 2583 vestris
968 2516 1117 2603 negotiis
1141 2539 1284 2606 operam
1306 2516 1406 2600 dare;
1423 2520 1501 2586 aliis
1515 2544 1590 2587 ver-

261 2628 336 2697 bis:
358 2628 446 2695 velle
467 2648 526 2692 vos
549 2646 678 2693 cessare
699 2646 719 2691 a
737 2622 832 2691 bello
858 2629 893 2690 et
913 2622 1057 2712 pacifice
1084 2646 1146 2712 per
1169 2624 1325 2710 regiones
1346 2624 1451 2692 rebus
1471 2630 1592 2695 vestris

259 2756 376 2803 curam
398 2732 582 2813 adhibere;
607 2736 654 2797 S:
683 2729 770 2797 velle
794 2751 855 2796 vos
878 2728 994 2818 quiete
1016 2751 1086 2797 esse
1107 2730 1145 2795 in
1171 2729 1350 2797 laboribus
1376 2735 1410 2798 et
1432 2732 1592 2822 operibus

254 2840 380 2907 vestris
393 2846 427 2907 et
445 2839 560 2905 vivere
585 2836 775 2904 secundum
795 2836 888 2923 leges
910 2839 1224 2904 vestras'Ceterum
1243 2846 1450 2925 κατέρχεσθαι,
1467 2846 1592 2921 ιάθεδις

260 2946 460 3037 praesertim
484 2945 608 3012 dicitnr
628 2944 670 3011 de
691 2942 805 3010 reditu
828 2943 996 3025 exsulum,
1021 2964 1140 3009 eorum
1160 2942 1221 3031 qui
1244 2966 1265 3009 a
1285 2944 1425 3013 sedibus
1446 2948 1516 3014 suis
1538 2970 1594 3014 ex-

260 3053 350 3144 pulsi
363 3058 475 3131 erant;
497 3074 566 3141 qua
584 3050 727 3118 notione
747 3049 849 3117 Niesc
871 3049 1032 3139 explicat.
1057 3048 1151 3126 Quod
1180 3050 1264 3136 vulg
1285 3050 1438 3139 praebet,
1456 3052 1595 3120 difficile

259 3160 482 3247 intelligitur;
500 3162 584 3247 Lop.
600 3156 671 3245 peti
685 3157 822 3223 veniam
835 3156 879 3222 ad
895 3155 1083 3222 visitandos
1098 3156 1241 3221 ludaeos
1255 3156 1294 3221 in
1307 3158 1405 3244 Syria
1415 3159 1593 3245 degentes;

263 3268 371 3334 Golm.
403 3266 539 3330 veniam
568 3260 788 3349 colloquendi
817 3282 895 3327 cum
925 3260 1068 3347 captivis
1095 3259 1242 3341 ludaeis,
1269 3260 1323 3325 vel
1350 3264 1517 3349 postulari
1547 3273 1596 3331 ta-

261 3372 363 3440 bulas
383 3369 487 3437 liberi
509 3372 685 3435 comeatus
704 3365 749 3432 ad
770 3364 836 3431 iter
858 3364 1112 3432 antiochenum
1136 3386 1220 3453 pace
1241 3365 1396 3433 nondum
1420 3370 1591 3439 conclusa.

262 3477 388 3545 Statuit
406 3498 475 3560 rex,
498 3481 535 3541 ut
554 3474 647 3539 intra
669 3470 866 3562 quindecim
891 3471 966 3538 dies
988 3472 1049 3561 qui
1072 3470 1238 3537 redierint
1258 3470 1435 3561 (cessarint
1450 3499 1471 3543 a
1485 3477 1592 3565 bello)

260 3585 456 3653 fruerentur
471 3582 665 3661 securitate,
685 3583 808 3665 ὑπάρξει
824 3581 904 3657 δεξιά
919 3576 1059 3645 dextera
1074 3578 1141 3643 erit
1155 3575 1224 3643 illis
1238 3578 1262 3643 i.
1278 3600 1307 3644 e.
1330 3578 1431 3647 firma
1451 3586 1594 3672 promis·

262 3692 325 3774 sio,
348 3686 551 3758 asseveratio
573 3707 651 3754 cum
672 3684 866 3767 securitate,
890 3687 928 3749 ut
952 3683 1003 3750 uti
1025 3689 1164 3772 possent
1183 3683 1252 3749 suis
1274 3683 1362 3751 cibis
1384 3691 1419 3753 et
1439 3687 1591 3774 legibus3

261 3797 362 3863 simul
376 3793 517 3863 concedi
532 3794 672 3883 plenam
692 3790 830 3858 veniam
844 3790 1110 3880 praeteritorum
1127 3794 1160 3856 et
1172 3790 1455 3861 incolumitatem.
1475 3797 1594 3863 Mensis

261 3903 448 3970 Xanthicus
471 3906 522 3968 est
546 3900 672 3966 mensis
699 3901 811 3965 sextus
838 3895 1093 3978 macedonicus,
1119 3895 1191 3961 iere
1216 3896 1377 3982 congruit
1397 3921 1475 3966 cum
1496 3904 1594 3970 nisan

263 4010 486 4087 ludaeorum;
502 4008 637 4097 primus
654 4005 873 4071 Macedonum
896 4004 1020 4069 mensis
1032 4003 1114 4069 Dius
1130 4001 1274 4091 (octob.)
1291 4011 1444 4072 vocatur.

308 4116 450 4184 Nomina
466 4113 659 4201 legatorum
679 4111 780 4179 aliter
799 4109 892 4199 apud
912 4109 998 4176 alios
1015 4112 1119 4176 testes
1133 4108 1333 4177 efferuntur.
1352 4114 1466 4193 Μάνιος
1481 4119 1521 4198 A,
1539 4124 1593 4183 55.

265 4231 319 4292 62.
340 4223 385 4291 al.
403 4226 443 4304 S,
466 4224 565 4299 Μαιος
589 4226 644 4287 tt.
670 4222 726 4284 lh.
749 4222 830 4295 2t3;
853 4221 887 4283 et
909 4221 966 4282 23.
989 4245 1104 4296 κοιντος
1130 4245 1259 4299 μεμμιος
1276 4246 1354 4297 τιτος
1376 4248 1477 4302 μανιες
1501 4251 1596 4309 ερνιες

264 4331 370 4417 vulgo
398 4328 526 4415 legitur
556 4330 706 4405 Μάνλιες,
735 4323 819 4409 vulg
843 4322 1062 4403 Manilius3s·
1091 4343 1098 4389 :
1131 4323 1276 4399 Quintus
1303 4324 1477 4391 llemmius
1504 4330 1596 4396 Titus

265 4436 405 4503 Manius.
430 4434 558 4501 Eodem
583 4432 651 4513 die,
675 4436 715 4497 15
737 4429 862 4496 mensis
889 4427 1063 4509 Xanthioi,
1085 4427 1192 4513 legati
1220 4450 1358 4517 quoquc
1381 4430 1536 4499 scribunt
1560 4457 1596 4501 se
1666 4462 1670 4467 ’

265 4540 423 4609 assentiri
433 4548 662 4623 ευιευδειιιῡμεν
673 4536 715 4603 iis
728 4558 815 4626 quae
830 4535 945 4623 Lysias
960 4532 1135 4601 concessit.
1148 4538 1192 4599 lte
1204 4533 1245 4600 iis
1257 4540 1371 4601 autem
1382 4518 1470 4625 quae
1481 4542 1597 4625 Lysias

265 4648 341 4738 regi
376 4670 446 4717 esse
477 4643 701 4737 proponenda
729 4641 904 4726 iudicavit,
931 4640 1120 4708 deliberate
1152 4646 1381 4726 ἐπισκεψάμενοι
1409 4650 1442 4710 et
1470 4646 1595 4716 mittite
1722 4628 1779 4702 -“··ι

265 4758 380 4825 statim
401 4753 567 4843 aliquem,
585 4757 621 4818 ut
651 4750 737 4818 sicut
762 4749 860 4815 vobis
880 4750 1040 4815 convenit
1060 4768 1132 4815 rem
1161 4768 1383 4837 exponamus,
1407 4750 1594 4841 proticisci-
