3625 5367
700 390 729 447 θ.
754 402 848 447 utcu.
872 386 954 459 11,1.
1338 380 1341 385 ’
1438 396 1496 454 tlt

172 549 230 598 eius
244 548 360 610 lusiam.
379 547 403 595 3.
418 544 535 594 Alcimus
551 550 637 593 autem
653 542 772 605 quidam,
821 539 850 597 3.
873 534 1002 613 Ἄλκιμος
1027 533 1055 592 δέ
1083 556 1122 601 τις
1148 537 1339 614 προγενόμενος
1361 542 1498 622 ἀρχιερεὺς

169 637 216 699 qui
231 648 346 686 summus
366 634 487 683 sacerdos
503 632 602 697 luerat,
616 632 661 682 sed
676 630 773 682 uolun-
819 624 946 691 ίκουσίως
963 623 990 682 δὲ
1015 622 1219 701 μεμολυμμένος
1242 629 1268 685 ἐν
1291 638 1345 697 τοῖς
1368 634 1415 701 τῆς
1439 636 1497 692 ἐπι.

168 727 241 775 tarie
257 725 449 788 coinquinatus
468 728 506 771 est
525 721 688 786 temporibus
702 734 772 770 com·
819 712 906 789 μιίίας
929 713 1043 793 χρόνοις,
1063 712 1207 785 συννοήσας
1227 713 1268 772 ὅτι
1289 717 1348 775 καθ’
1365 723 1496 783 ὁντιναοῦν

169 814 315 877 mistionis,
334 813 507 863 considerans
526 809 602 860 nullo
622 812 697 859 modo
718 810 773 877 sibi
816 803 916 881 τρόπον
933 804 981 863 οθκ
995 801 1066 860 ἔστιν
1082 804 1153 881 αὐτῷ
1167 804 1297 883 σωτηρία,
1311 806 1371 865 οὐδὲ
1389 815 1452 888 πρὸς
1467 811 1496 869 τὸ

169 916 223 952 esse
237 901 360 960 salutem,
374 914 459 963 neque
477 913 607 949 accessum
622 899 658 948 ad
672 898 770 962 altare,
817 890 891 970 ἅγιον
914 891 1100 975 θυσιαστήριον
1116 889 1157 949 ἔτι
1175 890 1310 970 πρόςοδος,
1324 899 1355 956 4.
1368 888 1417 968 ἧκε
1433 899 1496 978 πρὸς

170 991 194 1041 1.
210 993 283 1041 venit
301 992 336 1040 ad
356 1002 442 1053 repem
457 990 618 1039 Demetrium
632 990 770 1038 centesimo
816 979 859 1038 τὸν
885 979 998 1059 βασι).εά
1026 979 1180 1062 Δημήτριον
1206 980 1305 1061 πρώτῳ
1325 988 1371 1043 καί
1395 1009 1495 1060 πεντη-

168 1080 390 1143 quinquepesimo
414 1092 495 1138 anno,
514 1080 625 1139 atterens
649 1078 673 1126 ei
695 1090 770 1127 eoro-
815 1074 903 1147 κοστῷ
931 1067 977 1128 καί
1005 1072 1139 1148 ἑκατοστῷ
1168 1066 1231 1143 ίτει,
1252 1073 1390 1151 προςέγων
1420 1078 1492 1156 αὐτῷ

167 1182 231 1218 nam
252 1180 362 1218 auream
381 1174 404 1216 et
424 1166 553 1231 palmam,
568 1179 648 1231 super
667 1166 730 1215 llaec
744 1174 768 1215 et
814 1156 943 1237 στέφανον
957 1162 1070 1238 χρυσοῦν
1084 1157 1129 1217 καί
1140 1158 1257 1237 φοίνικα,
1270 1162 1334 1240 πρὸς
1349 1161 1376 1220 δέ
1391 1156 1511 1233 τούτοις

166 1256 276 1319 thallos,
295 1258 342 1320 qui
363 1254 456 1320 templi
475 1268 529 1305 esse
548 1255 721 1305 uidebantur.
734 1256 768 1304 lit
813 1249 864 1305 τῶν
886 1246 1065 1324 νομιζομένων
1084 1247 1189 1305 θαλλῶν
1210 1253 1256 1307 τοῦ
1274 1250 1356 1330 ἱεροῦ,
1375 1251 1421 1310 καί
1438 1253 1488 1326 τὴν

165 1347 227 1410 ipsa
241 1345 346 1409 quidem
360 1344 502 1395 dissiluit.
516 1346 540 1393 5.
555 1346 665 1409 Tempus
680 1350 768 1393 autem
813 1334 917 1414 ἡμέραν
937 1334 1038 1407 ἐκείνην
1059 1334 1175 1414 ἡσυχίαν
1196 1335 1269 1416 ίσχε.
1287 1341 1317 1397 5.
1334 1341 1435 1420 Καιρὸν
1459 1343 1488 1403 δί

165 1442 345 1499 opportunum
385 1435 531 1483 dementiae
565 1446 628 1482 suae
660 1440 764 1493 nactus,
812 1422 903 1482 λαθὼν
922 1428 970 1496 τῆς
989 1424 1056 1491 tile<
1071 1422 1158 1490 ἀνοίας
1172 1426 1306 1505 συνεργὸν,
1318 1431 1488 1507 προςκληθιίς
1578 1464 1582 1471 ·

164 1530 321 1573 convocatus
340 1538 357 1572 ιι
375 1524 506 1573 Demetrio
529 1523 564 1572 od
586 1521 766 1572 consiliumet
811 1513 848 1579 είς
861 1515 995 1593 συνέδριον
1014 1512 1066 1570 ὑπὸ
1084 1516 1131 1572 τοῦ
1149 1512 1305 1593 Δημητρίου
1321 1515 1368 1575 καί
1382 1521 1485 1599 ἐπερω-

164 1613 350 1682 interropatus
373 1612 470 1675 quibus
494 1612 572 1661 rebus
596 1618 619 1660 et
643 1610 765 1661 consiliis
811 1602 910 1679 τηθεὶς,
924 1604 951 1661 ἐν
972 1601 1023 1659 τίνι
1043 1600 1158 1660 διαθέσει
1181 1602 1226 1660 καί
1248 1606 1331 1684 βουλῇ
1350 1609 1486 1680 καθεστή-

164 1701 258 1750 ludaei
269 1702 431 1761 niterentur,
442 1700 466 1751 ti.
479 1701 618 1765 respondit
632 1701 706 1764 :ipsi
718 1700 765 1762 qui
810 1712 888 1749 κασιν
903 1693 929 1749 οί
942 1691 1074 1761 Ἰουδαῖοι,
1086 1688 1150 1770 πρὸς
1161 1694 1245 1749 ταῦτα
1258 1690 1318 1772 ἔφη·
1329 1695 1358 1753 6.
1373 1697 1398 1753 οἱ
1411 1698 1486 1776 λεγό-

163 1790 290 1838 ‹licuntur
322 1790 445 1839 Arsidaei
473 1790 643 1849 ludaeorum,
669 1788 765 1851 quitus
810 1801 883 1853 μενοι
905 1782 958 1839 τῶν
977 1779 1112 1839 Ἰουδαίων
1131 1778 1269 1853 Ἄσιδαῖοι,
1283 1771 1321 1839 ὧν
1342 1785 1486 1865 θρηγεῖται
1567 1841 1570 1849 ,

161 1885 267 1941 praeest
277 1878 359 1928 ludas
368 1877 553 1937 Μοοὴοθοιιιε,
563 1876 764 1927 bellanutriunt
810 1866 912 1935 Ἰούδας
934 1871 948 1927 θ
971 1866 1160 1941 Μακκαθαῖος,
1184 1871 1414 1950 πολεμοτροφοῦσι
1439 1874 1485 1934 καί

162 1965 765 2029 etseditionesmouentnecpatiunturrepnum
810 1956 1008 2028 στασιάζουσιν,
1018 1957 1066 2016 οὐκ
1076 1958 1168 2023 ἐῶντες
1179 1955 1228 2024 τὴν
1242 1958 1381 2035 βασιλείαν
1392 1964 1485 2021 εὐστα-

162 2068 215 2103 ιεεα
228 2056 346 2117 quictum
353 2069 361 2113 ,¹
374 2056 399 2105 t.
412 2066 476 2103 nam
491 2061 515 2102 et
529 2066 576 2117 epo
589 2054 764 2117 defraudatus
810 2042 880 2110 θείας
894 2048 995 2125 τυχεῖν,
1012 2048 1041 2105 7.
1054 2040 1139 2104 Ὅθεν
1153 2045 1314 2125 ἀφελόμενος
1326 2047 1376 2119 τὴν
1389 2074 1486 2130 προγος

160 2150 305 2206 peremtum
332 2142 422 2205 pluria
452 2142 521 2206 (dico
550 2149 638 2191 autem
663 2156 763 2191 summo
809 2130 884 2203 νικὴν
897 2133 987 2203 δόξαν,
998 2132 1070 2210 λέγω
1082 2131 1114 2205 δὴ
1126 2132 1174 2204 τὴν
1187 2135 1398 2211 ἀρχιερωσύνην,
1411 2140 1486 2218 δεῦρο

161 2232 320 2294 sacerdotio)
345 2232 394 2280 leuc
418 2232 495 2289 ueni,·
509 2230 533 2279 8.
549 2231 637 2293 primo
657 2231 764 2291 quidem
809 2225 854 2277 νῦν
869 2222 996 2291 ἐλήλυθα,
1006 2222 1036 2280 8.
1046 2223 1152 2299 πρῶτον
1162 2219 1210 2295 μὲν
1220 2220 1287 2301 ὑπὲρ
1301 2225 1354 2280 τῶν
1369 2227 1484 2296 ἀνηκόν-

162 2319 329 2369 utilitatilrus
344 2320 415 2382 repis
429 2320 506 2385 fidem
520 2318 763 2379 seruans‚seeundo
808 2330 861 2365 των
875 2310 914 2389 τῷ
932 2311 1036 2386 βασιλεῖ
1054 2310 1169 2385 γνησίως
1187 2313 1300 2385 φρονῶν,
1315 2311 1435 2391 δεύτερον
1457 2316 1484 2374 δὲ

162 2415 250 2457 autem
278 2410 359 2458 etiam
390 2409 492 2458 civibus
523 2407 678 2467 termulens5
699 2420 763 2456 nam
808 2395 853 2453 καί
872 2398 924 2453 τῶν
943 2395 1015 2455 ἰδίων
1033 2396 1149 2455 πολιτῶν
1169 2396 1369 2476 στοχαζόμενος·
1381 2406 1416 2481 τῇ
1436 2403 1484 2480 μίν

161 2496 271 2547 illorum
310 2500 446 2562 pravitate
488 2496 641 2547 universum
679 2510 763 2559 penus
806 2482 858 2563 γὰρ
877 2488 930 2543 τῶν
951 2483 1148 2564 προειρημένων
1170 2486 1309 2566 ἀλογιστίρ
1327 2488 1358 2545 τὸ
1376 2490 1483 2569 σύμπαν

159 2594 282 2635 nostrum
305 2600 360 2637 nan
383 2587 494 2635 minime
518 2590 639 2635 uexatur.
664 2585 689 2634 9.
712 2585 762 2633 Sed
808 2576 884 2648 ἡμῶν
906 2572 979 2650 γένος
999 2575 1029 2631 οὗ
1051 2576 1151 2652 μικρῶς
1170 2574 1292 2654 ἄκληρεῖ.
1311 2580 1340 2637 9.
1358 2574 1483 2639 “Exusta

160 2688 206 2724 oro
237 2675 280 2724 leis
309 2675 436 2738 simpulis,
465 2688 479 2723 ο
508 2687 563 2734 rea,
592 2674 714 2735 capnitis,
738 2681 762 2722 et
808 2658 835 2720 ii
858 2662 958 2722 τούτων
983 2661 1141 2739 ἐπεγνωκὼς
1165 2662 1207 2736 σίν,
1226 2666 1348 2740 βασιλεῦ,
1366 2668 1413 2725 καί
1436 2673 1484 2741 τῆς

160 2764 265 2827 cepioni
286 2771 310 2813 et
332 2765 424 2827 peneri
445 2763 587 2812 secundum
608 2762 762 2811 humanita·
806 2749 896 2830 χώρας
919 2750 966 2810 καὶ
990 2755 1035 2809 τοῦ
1059 2750 1264 2829 περιισταμένου
1288 2752 1379 2829 γένους
1406 2760 1483 2833 ἡμῶν

161 2857 211 2901 tem
239 2858 313 2901 tuam
339 2850 529 2915 pervulputam
552 2851 674 2899 omullus
695 2864 762 2915 pro·
807 2838 969 2917 προνοήθητι
989 2841 1049 2898 καθ’
1067 2840 1099 2913 ἣν
1117 2839 1187 2919 ἔχεις
1206 2840 1271 2920 πρὸς
1285 2840 1404 2912 ἅπαντας
1417 2848 1482 2905 εὐα-

158 2942 229 3005 spice
237 2954 244 2999 ;
263 2940 302 2989 10.
314 2954 378 2989 nam
391 2940 520 3002 quamdiu
534 2946 653 3004 superest
667 2939 758 3000 ludas,
806 2928 939 3001 utinenses
959 2928 1170 3010 φιλανθρωπίαν.
1186 2930 1234 2991 10.
1248 2925 1327 3013 Ἄχρι
1345 2931 1398 3013 γίιρ
1412 2933 1482 2996 Ἰού-

162 3027 328 3092 impossibile
342 3036 380 3077 est
393 3041 485 3093 pacem
500 3042 553 3077 esse
568 3029 693 3093 nepotiis.
806 3016 852 3082 δας
874 3016 1019 3099 περίεστιν,
1047 3016 1175 3078 ἀδύνατον
1202 3019 1308 3099 είρήνης
1337 3030 1426 3104 τυχεῖν
1450 3023 1483 3083 τὰ

805 3106 964 3184 πράγματα.

197 3207 239 3256 11.
260 3206 371 3257 Talibus
394 3214 481 3257 erstem
505 3208 538 3255 ab
564 3208 611 3255 1ιοσ
635 3206 714 3256 dietis
736 3212 759 3255 et
849 3196 897 3253 11.
924 3192 1060 3253 Τοιούτων
1090 3192 1118 3251 δὲ
1146 3194 1276 3273 ῥηθέντων
1307 3198 1359 3256 ὑπὸ
1390 3201 1483 3262 τούτου

160 3296 239 3345 ceteri
280 3297 360 3345 amici
400 3293 535 3345 hostiliter
569 3307 596 3343 se
634 3293 760 3343 ualentes
810 3284 907 3339 θᾶττον
928 3284 953 3339 οί
975 3279 1062 3339 λοιποί
1082 3280 1153 3360 ρίλοι
1174 3283 1303 3359 δυςμενῶς
1324 3284 1429 3365 ἔχοντες
1448 3290 1482 3349 τὰ

159 3384 286 3433 adversus
306 3384 400 3433 ludam
414 3382 650 3445 inflammaverunt
668 3383 759 3432 Deme·
804 3368 869 3447 spi<
877 3369 923 3428 τὸν
934 3368 1038 3429 Ἰούδαν
1048 3369 1254 3449 προςιπιίρωσαν
1265 3372 1308 3432 τὸν
1318 3378 1480 3458 Δημήτριον·

159 3474 250 3533 trium,
268 3472 308 3523 tt.
324 3474 371 3535 qui
389 3473 481 3521 statim
499 3473 657 3522 Nicanorem
677 3484 759 3536 prae·
806 3459 853 3516 ti.
869 3457 1115 3534 προςκαλεσιίμενος
1128 3457 1157 3517 δὲ
1171 3460 1265 3527 εὐθέως
1284 3464 1419 3547 Νικάνορα
1435 3468 1481 3525 τὸν

157 3564 275 3625 positum
296 3560 500 3625 elephantorum
521 3561 611 3611 ducem
631 3560 705 3609 misit
728 3562 759 3609 in
803 3544 946 3624 γενόμενον
964 3546 1231 3628 θλιφαντιίρχην,καί
1246 3554 1394 3632 στρατηγὸν
1411 3558 1479 3614 σίνα-

158 3651 294 3712 ludaeam,
313 3650 352 3700 13.
374 3651 446 3699 datis
465 3649 601 3699 mandatis
621 3654 649 3697 ut
672 3650 759 3714 ipsum
805 3634 890 3702 διίίας
907 3638 954 3708 τῆς
968 3634 1099 3703 Ἰουδαίας
1117 3637 1268 3710 ἅπὲστειλι,
1285 3641 1332 3700 13.
1348 3642 1407 3712 δοὺς
1421 3646 1479 3704 int·

158 3740 264 3800 quidem
279 3740 373 3788 tudam
386 3745 500 3804 caperet,
513 3752 555 3787 eos
568 3751 629 3788 vero
642 3738 689 3799 qui
702 3750 759 3787 cnm
804 3724 900 3789 στολθις
928 3723 1007 3782 αὐτὸν
1030 3722 1078 3800 μίν
1100 3723 1145 3783 τδν
1166 3725 1267 3785 Ἰούδαν
1290 3729 1476 3808 ἐπανελέσθαι,

159 3826 209 3877 illo
240 3834 318 3877 erant
344 3829 509 3892 disperperet
536 3834 560 3877 et
589 3828 758 3876 constitueret
803 3810 863 3879 τοὺς
884 3810 911 3870 δὲ
932 3810 980 3871 σὺν
1000 3815 1073 3895 titt?
1091 3813 1246 3892 σκυρπίσαι,
1261 3824 1431 3892 καταστῆσαι
1449 3822 1477 3881 li

158 3915 289 3965 Alcimum
301 3917 412 3965 matrimi
417 3916 518 3980 'templi
529 3928 660 3965 summum
670 3928 759 3965 sacer·
803 3896 931 3976 Ἄλκιμον
946 3900 1072 3982 ἀρχιερέα
1085 3909 1131 3961 τοῦ
1146 3903 1272 3982 μεγίστω
1283 3908 1365 3986 ἱεροῦ.
1380 3913 1428 3970 ld.
1443 3914 1479 3973 Οἱ

160 4006 254 4054 dotem.
276 4003 316 4055 tt.
332 4004 403 4054 Tunc
422 4010 511 4067 pentes
531 4017 598 4067 quae
613 4002 759 4053 deludam
805 3988 832 4047 ii
847 3987 890 4049 ίπὶ
905 3992 952 4061 τῆς
967 3989 1096 4058 Ἰουδαίας
1108 3992 1336 4073 περυγαδιυκότιι
1350 3996 1395 4056 τὸν
1408 3998 1480 4060 Ἰού-

159 4094 287 4158 {uperant
308 4095 413 4154 ludam,
427 4095 560 4157 prepatim
582 4107 608 4141 se
630 4092 759 4142 Nicanori
805 4078 852 4135 δαν
873 4079 935 4150 ἔθνη
954 4078 1112 4158 συνέμισγον
1134 4082 1262 4161 ἀγεληδὸν
1279 4087 1316 4165 τῷ
1338 4087 1479 4169 Νικάνορι,

157 4183 313 4242 miscebant,
336 4184 460 4233 miserias
483 4188 508 4231 et
532 4180 620 4231 clades
646 4181 759 4230 ludaeo—
804 4164 852 4232 τίς
865 4169 918 4225 τῶν
932 4166 1068 4227 Ἰουδαίων
1079 4168 1191 4249 ἀτυχίας
1203 4171 1250 4230 καί
1265 4174 1402 4257 συμφορὰς
1414 4178 1482 4243 ἰδίας

159 4284 220 4320 rum
232 4271 425 4335 prosperitates
441 4284 530 4321 rerum
544 4283 655 4319 suarum
669 4269 759 4319 eristi·
805 4254 949 4334 ιῦημερίας
963 4258 1097 4323 δοκοῦντες
1111 4258 1229 4321 ίσεσθαι.

158 4366 270 4409 mantes.

203 4569 309 4649 Quale
328 4568 516 4637 triennium
538 4567 764 4654 intelligetur,
781 4566 860 4633 vide
884 4588 990 4655 supra
1004 4568 1050 4634 ed
1071 4574 1160 4649 10‚3.
1180 4570 1248 4637 Alii
1267 4585 1450 4647 numerant
1469 4603 1490 4649 α

162 4685 237 4761 13,1
256 4676 316 4745 ubi
331 4680 621 4744 commemoretur
634 4694 745 4741 annus
761 4679 823 4740 1l9
840 4677 873 4739 et
887 4672 944 4739 hic
958 4694 992 4738 ν.
1010 4678 1030 4739 l
1054 4696 1164 4743 annus
1179 4682 1256 4760 151,
1272 4679 1320 4748 ils
1338 4689 1376 4751 ut
1397 4692 1488 4756 uter.

160 4807 226 4875 que
243 4782 412 4852 terminus
432 4804 534 4871 aquo
548 4786 581 4848 el
602 4778 647 4849 ad
670 4800 772 4869 quem
792 4778 894 4845 simul
910 4784 1139 4869 computetur,
1157 4782 1209 4851 uti
1229 4785 1335 4856 simili
1356 4794 1489 4864 talione

632 4906 812 4947 RNABENBAUER
831 4906 856 4945 ΙΝ
873 4907 950 4945 mcii.
968 4922 999 4931 -··
1016 4900 1045 4945 27
