3625 5367
763 330 791 385 H.
816 342 907 386 utcu.
932 326 1031 413 3,r-8.
1071 373 1074 378 .
1505 331 1562 391 309

232 475 325 548 LXX,
352 476 377 538 ll
401 496 435 560 p.
461 477 545 539 rtet
572 474 657 563 sq),
685 473 874 541 omittenda
891 478 942 541 est
970 475 1166 542 coniectura
1190 475 1376 561 legendum
1400 498 1472 543 esso
1496 500 1560 566 pro

230 578 411 644 Beniamin
423 578 607 660 Hiniamin,
624 603 693 670 quo
707 581 852 648 lectione
867 581 940 648 scil.
956 582 1072 647 Simon
1088 582 1342 649 adscriberetur
1354 583 1558 650 sacerdotali

230 683 352 769 generi
370 685 426 774 (cf.
452 691 558 752 1Par.
582 692 672 766 M·
695 688 778 755 Neh.
803 693 893 768 12,5.
918 690 985 774 17).
1010 687 1128 754 Helius
1148 711 1225 754 cum
1246 689 1321 756 aliis
1340 689 1413 756 eius
1434 712 1558 756 munus

228 790 456 857 derivandum
487 790 622 861 videtur
656 816 695 860 ex
721 793 869 860 lectione
896 802 966 882 περὶ
994 813 1074 877 τῆς..
1106 800 1307 882 ἀγορανομίας
1337 798 1388 884 (Α.
1416 803 1470 862 23.
1498 802 1552 864 tt.

228 902 270 962 52
297 895 376 986 al.);
403 920 491 988 quae
517 899 635 982 lectio,
663 905 782 991 utpote
810 900 995 981 difficilior,
1024 891 1205 968 retinenda
1231 908 1282 968 est
1305 907 1424 969 contra
1450 903 1554 978 aliam
1622 925 1652 965 ·.

227 1003 329 1069 nimis
351 1004 498 1084 facilem,
524 1028 613 1094 quae
637 1007 690 1072 vix
711 1015 830 1098 aptum
855 1008 976 1074 fundat
1000 1030 1136 1075 sensum
1160 1019 1344 1097 παρανεμίας
1366 1010 1417 1097 (S,
1440 1009 1554 1096 vulg).;

229 1112 411 1196 ἂγερανεμία
432 1119 546 1179 autem
571 1119 622 1179 est
647 1134 770 1181 munus
792 1117 979 1203 ἁγαρανόμευ
1001 1113 1025 1181 i.
1050 1135 1079 1184 e.
1109 1136 1232 1183 munus
1253 1116 1472 1202 magistratus
1496 1115 1555 1204 qui

226 1216 301 1281 foro
331 1239 446 1284 rerum
475 1219 649 1286 venalium
678 1225 825 1309 praeest,
852 1221 964 1311 iisque
994 1227 1028 1287 et
1057 1222 1263 1288 commercio
1293 1221 1464 1308 invigilat,
1499 1221 1555 1287 cui

226 1321 355 1414 itaque,
377 1325 427 1390 uti
452 1324 621 1393 aedilibus
645 1328 806 1408 romanis,
829 1349 912 1395 cura
935 1349 1092 1396 annonae
1116 1333 1191 1394 erat
1214 1327 1432 1394 demandata.
1459 1332 1555 1394 Tem·

227 1451 332 1517 quam
347 1433 534 1519 ἁγερανὲμος
549 1454 589 1498 ea
604 1455 739 1524 quoque
756 1456 956 1526 procurasse
973 1437 1103 1502 censeri
1118 1440 1231 1524 potest
1245 1456 1335 1524 quae
1352 1457 1414 1523 pro
1427 1434 1556 1522 templo

227 1537 365 1624 eiusque
397 1537 558 1604 ministris
593 1540 875 1628 requirebantur;
913 1541 1005 1608 uude
1036 1542 1174 1608 titulum
1210 1540 1384 1629 quendam
1416 1539 1555 1606 honoris

226 1648 344 1708 nactus
360 1649 409 1708 est
422 1650 589 1732 προστάτης
604 1663 654 1714 τοῦ
671 1657 760 1735 ἱερεῦ.

271 1753 341 1814 lam
362 1751 453 1816 inter
474 1750 647 1818 Simonem
671 1758 703 1818 et
725 1752 845 1820 Ouium
870 1753 1041 1821 discordia
1066 1761 1141 1820 orta
1162 1759 1227 1835 est;
1253 1754 1371 1820 Simon
1393 1753 1554 1840 litigabat

223 1875 301 1921 cum
329 1855 429 1936 Onia,
458 1857 503 1923 ab
530 1880 569 1924 eo
597 1859 777 1926 differebat
799 1861 834 1926 in
859 1861 998 1946 negotio
1027 1859 1261 1949 praefecturae
1288 1860 1441 1927 urbanae
1468 1861 1550 1938 fori,

225 1983 329 2049 quam
344 1963 596 2051 praefecturam
610 1965 724 2033 iudice
737 1967 823 2033 Onia
834 1988 906 2033 non
919 1970 994 2034 κατὰ
1009 1977 1061 2050 τὴν
1075 1974 1161 2036 etto
1176 1967 1439 2034 administrabat
1448 1967 1551 2032 modo

224 2068 303 2134 urbi
322 2069 540 2136 convenienti
559 2077 593 2137 et
613 2070 701 2138 utili.
720 2077 803 2139 Cum
821 2072 943 2140 Oniam
963 2073 1008 2138 ed
1021 2095 1121 2141 suam
1135 2072 1337 2141 sententiam
1353 2074 1553 2162 pertrahere

225 2194 294 2240 non
314 2175 443 2242 valeret
464 2198 577 2267 neque
599 2178 672 2267 ipse
692 2184 813 2245 contra
834 2179 957 2246 Oniam
978 2180 1118 2268 eiusque
1143 2181 1380 2245 auctoritatem
1402 2178 1438 2244 id
1458 2178 1551 2267 quod

225 2280 360 2347 volebat
376 2283 541 2371 perlicere
558 2289 683 2371 posset,
703 2286 756 2350 ira
770 2283 1004 2351 inflammatus
1020 2285 1207 2351 vindictam
1227 2305 1349 2372 capere
1364 2285 1491 2350 statuit.
1509 2289 1550 2350 Sc

223 2388 356 2454 confert
378 2389 423 2454 ad
442 2388 674 2479 Apollonium,
699 2390 759 2480 qui
785 2391 876 2458 circa
900 2391 987 2458 illud
1011 2396 1146 2480 tempus
1167 2398 1334 2479 στρατηγός
1355 2390 1549 2480 praefectus

223 2500 296 2560 erat
317 2495 526 2582 Coelesyrias
549 2502 582 2563 et
606 2498 803 2564 Phoenices.
831 2498 980 2565 Meminit
1003 2498 1164 2583 Polybius
1186 2498 1353 2585 (3l,'·21,3)
1375 2497 1548 2586 Apollonii

222 2601 401 2668 cuiusdam
422 2601 481 2691 qui
502 2603 692 2692 plurimum
714 2605 827 2690 gratia
849 2605 944 2692 apud
965 2604 1146 2671 Seleucum
1167 2603 1305 2670 valebat
1323 2609 1362 2671 ‚et
1384 2604 1460 2692 qui,
1482 2603 1546 2670 ubi

222 2706 267 2773 ad
284 2702 494 2776 ‘Antiochum
520 2695 667 2795 regnum
689 2711 756 2778 fuit
781 2709 1002 2791 translatum,
1028 2709 1178 2777 Hiletum
1202 2732 1242 2776 ex
1266 2709 1345 2776 aula
1370 2709 1544 2794 migravit,

221 2813 318 2880 cuius
341 2813 448 2896 filine,
475 2817 614 2883 nomine
634 2816 835 2906 Apollonius
858 2839 878 2883 a
902 2818 1072 2883 Demetrio
1098 2815 1166 2882 dux
1187 2822 1237 2883 est
1263 2815 1465 2884 constitutus
1488 2816 1549 2906 (ita

221 2920 462 3008 probabiliter;
485 2921 528 2988 cf.
552 2928 567 2989 1
590 2924 693 2990 Hach.
719 2930 835 3005 10,69;
861 2924 1022 3011 Polybius
1041 2931 1181 3006 31,1a,6
1201 2930 1234 2991 et
1254 2923 1419 3011 31,21,H).
1444 2923 1549 3013 Apol-

220 3026 313 3094 lonio
340 3027 506 3095 indicavit
529 3031 646 3096 Simon
676 3030 849 3098 aerarium
876 3030 914 3097 in
947 3031 1130 3099 lerusalem
1162 3032 1304 3121 plenum
1329 3053 1400 3097 esse
1425 3030 1548 3119 opibus

219 3132 467 3214 ineffabilibus,
493 3135 541 3202 ita
566 3145 604 3204 ut
627 3139 724 3226 copia
752 3137 977 3227 pecuniarum
1001 3137 1179 3204 numerari
1207 3159 1276 3204 non
1303 3137 1546 3225 possitneque

220 3239 382 3328 pecunias
407 3241 485 3310 illas
512 3249 723 3331 competere,
750 3245 879 3332 requiri
911 3243 955 3309 ad
986 3245 1153 3309 rationem
1181 3243 1445 3320 sacrificiorum;
1470 3242 1546 3308 fieri

218 3367 319 3436 posse
333 3349 420 3413 utin
435 3347 527 3434 regis
541 3354 743 3437 potestatem
759 3349 910 3416 veniant.
928 3348 1126 3438 Apollonius
1143 3355 1271 3424 autem,
1290 3346 1547 3435 quamprimum

220 3473 338 3538 regem
353 3457 513 3521 convenit
530 3456 715 3544 (συμμίσγειν
734 3462 749 3520 1
766 3456 870 3522 Hach.
891 3461 1009 3536 11‚2·2;
1029 3455 1169 3521 PHach.
1187 3460 1280 3535 13,3;
1301 3453 1414 3540 11,11)
1429 3473 1544 3539 regem

220 3561 399 3628 certiorem
423 3561 536 3628 reddit
557 3561 599 3628 de
624 3561 777 3651 pecuniis
798 3561 865 3628 sibi
884 3561 1101 3647 significatis3
1123 3560 1152 3627 is
1173 3560 1341 3626 commisit
1362 3559 1547 3626 Heliodoro

220 3667 398 3752 negotium
415 3667 490 3734 illas
505 3667 668 3757 pecunias
679 3667 860 3748 afferendi;
878 3674 952 3734 erat
967 3679 980 3736 ὁ
997 3675 1043 3736 ἐπὶ
1058 3680 1115 3735 τῶν
1130 3673 1313 3755 πραγμάτων
1331 3667 1387 3753 (cl.
1408 3673 1423 3731 1
1440 3666 1544 3732 Hach

219 3775 327 3858 3,3·2),
354 3768 500 3859 negotiis
521 3775 619 3862 regni
644 3775 870 3864 praepositus
897 3774 1039 3842 Videtur
1057 3773 1150 3840 idem
1171 3795 1241 3840 esse
1261 3772 1479 3852 Heliodorus,
1501 3771 1544 3837 de

219 3901 288 3966 quo
314 3879 433 3947 scribit
460 3883 634 3970 Appianus
658 3882 745 3970 (Syr.
772 3883 846 3968 15),
876 3884 1071 3964 Seleucum,
1097 3879 1207 3946 filium
1230 3877 1390 3946 Antiochi
1419 3877 1541 3964 Magni,

219 3985 350 4052 insidiis
366 3987 487 4054 obiisse
502 3987 647 4055 alicuius
660 3988 832 4055 Heliodori
845 4000 922 4068 τινὲς
936 4000 992 4056 τῶν
1008 3995 1077 4075 περὶ
1090 3997 1142 4071 τὴν
1158 3994 1264 4070 citio,
1282 3991 1316 4054 et
1327 3983 1547 4053 Heliodorum

221 4112 368 4178 regnum
387 4093 422 4160 vi
444 4115 611 4183 occupare
633 4101 814 4162 conantem
838 4095 1014 4184 expulsum
1038 4116 1109 4161 esse
1131 4095 1174 4161 ab
1195 4099 1345 4162 Eumene
1367 4098 1401 4159 et
1422 4093 1544 4174 Attalo,

219 4199 493 4289 Antiochumque
511 4200 547 4267 in
563 4201 811 4291 possessionem
827 4201 927 4287 regui
940 4201 1136 4268 deductum.

263 4306 384 4372 Statim
414 4306 613 4374 Heliodorus
637 4331 668 4374 v.
695 4314 715 4375 8
738 4310 802 4374 itcr
822 4307 987 4397 arripuit;
1014 4307 1074 4374 sed
1097 4330 1142 4375 ne
1167 4307 1249 4396 quid
1275 4307 1406 4373 sinistri
1432 4307 1547 4373 ludaei

220 4413 430 4500 suspicantes
448 4413 611 4503 pecunias
626 4421 854 4492 removerent,
873 4415 1134 4493 absconderent,
1151 4415 1199 4480 ita
1211 4413 1301 4478 tiam
1315 4411 1435 4496 selegit
1447 4411 1545 4499 quasi
1569 4413 1575 4423 '

193 4558 195 4563 ·
221 4516 376 4585 obiturus
393 4519 545 4586 civitates
565 4520 776 4608 Coelesyriae
795 4529 829 4587 et
849 4521 1043 4587 Phoenices.
1061 4518 1237 4586 -Simon
1252 4518 1313 4585 ille
1329 4538 1368 4583 ex
1384 4518 1549 4584 thesauris

219 4623 290 4691 illis
312 4647 397 4714 quos
416 4625 641 4706 indicaverat,
668 4628 695 4692 si
719 4627 794 4713 regi
821 4626 1052 4707 obvenissent,
1075 4647 1240 4711 magnum
1266 4623 1331 4691 sibi
1353 4623 1546 4713 praemium

221 4732 392 4818 promisit;
415 4732 518 4799 homo
539 4731 647 4819 igitur
668 4731 820 4821 perfidus
839 4733 970 4800 censeri
987 4737 1100 4822 potest
1116 4730 1262 4798 abusum
1282 4730 1385 4798 fuisse
1406 4751 1547 4796 munere
1630 4751 1637 4763 ·
