3625 5367
238 325 296 380 ⁶2⁴8

760 329 788 384 1.
811 343 902 386 utcu.
929 329 1066 402 1ὃ,1·13.

241 473 334 538 bntio
356 479 406 538 est
429 473 528 540 nobis
548 474 701 541 exhiheri
723 475 984 567 inscriptionem
1012 479 1093 564 (non
1118 479 1162 545 ab
1187 484 1324 548 auctore
1353 481 1563 572 confictam),

241 580 302 645 scd
320 601 436 646 veram
453 587 556 668 atque
571 581 768 666 genuinam.

570 827 597 882 9.
620 822 780 882 Antiochus
802 823 868 882 VII
876 841 997 902 rcpnnm
1010 829 1127 903 occupat
1143 831 1272 899 lul-14.

283 1027 354 1086 15,1.
380 1027 412 1074 Et
441 1028 514 1076 misit
544 1043 588 1077 res
610 1031 756 1079 Antiochus
776 1029 850 1093 filius

245 1116 370 1163 Demetrii
388 1117 514 1180 epistolas
534 1118 567 1166 ab
588 1119 686 1168 insulis
706 1121 790 1168 enoris
809 1120 851 1168 Si·

248 1204 320 1252 moni
350 1206 481 1254 sacerdoti
506 1213 529 1255 et
550 1209 671 1272 principi
696 1209 782 1270 nentis
804 1209 851 1256 lu·

247 1293 372 1340 (laconum
385 1301 409 1341 et
426 1296 567 1343 universae
585 1298 675 1358 μεικτὴ
692 1297 716 1346 i.
732 1304 756 1344 ct
775 1305 852 1346 erant

247 1383 410 1430 continentes
424 1383 493 1431 hunc
508 1385 612 1432 modum
628 1399 636 1432 .·

286 1470 339 1517 Rea
358 1467 504 1520 Antiochus
523 1473 628 1521 Simoni
646 1475 777 1528 sacerdoti
794 1488 854 1522 ma-

247 1571 299 1618 pno
312 1565 336 1606 et
348 1560 423 1620 penti
434 1559 593 1608 lssdaeorum
607 1561 730 1610 salntem.

285 1648 309 1697 3.
338 1649 470 1706 Quoniam
494 1650 601 1711 quidem
627 1652 781 1714 pestilentes
806 1651 854 1700 ob·

252 1737 393 1785 tinuerunt
416 1751 527 1800 repnum
553 1746 662 1803 patrum
687 1747 853 1797 nostrorum,

254 1823 311 1873 solo
335 1832 422 1873 atatem
444 1828 585 1876 vendicare
599 1841 711 1892 requam
732 1836 756 1878 et
779 1831 857 1878 resu-

251 1919 322 1960 tuere
339 1912 410 1962 illud
428 1916 496 1962 sicut
516 1923 574 1964 crat
594 1925 684 1977 antea,
706 1925 729 1967 et
749 1917 857 1968 electam

253 2001 304 2062 scri
319 2001 519 2051 multitudinem
529 2006 657 2054 exercitus
672 2014 695 2054 et
711 2006 761 2070 [eci
776 2021 857 2055 naues

256 2088 380 2148 bellicos,
407 2090 432 2140 1.
456 2091 515 2139 volo
538 2100 626 2141 autem
648 2096 787 2157 procedere
810 2109 859 2159 per

255 2178 403 2240 cepionem,
426 2185 456 2228 ut
479 2179 596 2230 ulciscar
615 2182 645 2231 in
669 2196 710 2232 eos
732 2186 778 2246 qui
800 2197 858 2232 cor·

257 2275 387 2330 ruperunt
405 2269 539 2331 cepionem
557 2277 686 2331 nostram,
706 2279 729 2320 et
748 2273 795 2336 qui
817 2272 859 2320 de·

255 2355 410 2405 notaverunt
441 2359 562 2407 civitates
590 2359 689 2408 multas
717 2362 748 2410 in
777 2374 859 2422 reono

256 2457 320 2493 τηεο.
346 2446 371 2494 5.
395 2447 470 2494 Nune
493 2460 555 2509 erpo
581 2455 670 2497 statuo
695 2450 746 2498 tibi
772 2463 859 2498 omnes

257 2532 406 2583 oblationes
419 2548 485 2597 quas
501 2539 660 2586 remiserunt
676 2538 726 2586 tibi
740 2545 802 2588 ante
821 2552 860 2586 mc

254 2635 341 2671 omnes
365 2637 438 2686 repes
459 2630 483 2672 et
507 2639 685 2690 quoecumque
709 2627 767 2676 alia
790 2628 861 2676 dono

257 2713 416 2761 remiserunt
432 2713 492 2772 tihi,
514 2713 540 2762 6.
560 2723 585 2764 et
603 2717 728 2779 permitto
746 2717 797 2764 tibi
817 2715 831 2779 f
848 2740 861 2751 ·

255 2813 309 2847 cere
341 2814 527 2863 percussuram
556 2805 664 2868 proprii
691 2805 862 2852 numismatis

258 2889 288 2934 in
318 2889 425 2948 reqione
454 2897 513 2946 tua,
543 2891 568 2938 i.
596 2892 743 2941 Ierusalem
775 2901 862 2941 autem

259 2981 378 3023 sanctam
393 2961 445 3022 esse
461 2984 485 3023 et
501 2977 624 3038 liberam,
641 2987 663 3027 et
679 2981 770 3028 omnia
787 2995 861 3029 arma

261 3076 328 3123 quae
352 3063 487 3127 fabricata
508 3071 614 3114 suntet
635 3069 775 3129 praesidia
797 3083 863 3132 quac

260 3151 441 3210 construxisti,
463 3165 530 3213 quae
553 3159 633 3214 tenes,
653 3164 779 3206 maneant
802 3158 862 3206 tihi.

259 3241 284 3288 8.
301 3240 334 3288 Et
349 3254 424 3289 omne
439 3241 556 3291 debitum
568 3245 639 3306 repis
652 3252 675 3293 et
691 3259 757 3308 quae
770 3246 864 3310 [satura

259 3335 322 3378 sunt
342 3332 413 3392 cepi,
438 3345 468 3378 es
488 3332 535 3380 hoe
556 3339 579 3380 et
602 3333 632 3382 in
657 3341 739 3382 totum
763 3341 864 3398 tempus

260 3419 434 3467 remittuntur
459 3419 518 3468 tibi.
544 3421 570 3470 9.
594 3422 660 3470 Cum
683 3430 771 3471 autem
794 3424 865 3472 ohti-

260 3507 397 3555 nuerimus
426 3520 537 3570 repnum
564 3515 698 3570 nostrum,
726 3512 864 3576 plorihco-

264 3595 348 3644 bimus
372 3603 395 3643 te
420 3603 443 3645 et
467 3603 569 3659 pentem
595 3606 668 3648 tuam
691 3608 713 3649 et
739 3601 865 3665 tempium

262 3683 352 3745 ploria
364 3696 472 3748 manna,
485 3678 526 3734 iio
536 3693 564 3735 ut
579 3687 765 3751 manifestetur
775 3691 865 3752 plocio

263 3778 349 3820 cestra
364 3774 395 3821 in
409 3774 536 3823 uniuersa
550 3779 632 3824 terra.

300 3860 341 3910 10.
377 3863 454 3910 Auno
496 3865 634 3912 centesimo
673 3869 866 3930 septuagesimo

263 3956 358 4010 ηιιοτιο
382 3951 447 3997 exiit
468 3952 613 4000 Antiochus
640 3955 669 4000 in
698 3960 797 4004 terram
817 3971 867 4019 po-

264 4045 333 4086 trum
360 4051 468 4086 suorum
496 4045 519 4086 et
543 4049 721 4091 conuenerunt
746 4044 780 4092 aa
809 4059 867 4093 eum

263 4137 351 4171 omncs
375 4127 518 4183 exercitus,
545 4128 585 4173 ita
614 4134 642 4175 ut
669 4132 750 4192 panai
780 4132 867 4181 relicti

264 4217 348 4260 cssent
365 4225 423 4259 cum
443 4213 592 4275 Tryphone.
617 4215 657 4264 11.
679 4218 711 4264 Et
733 4219 868 4269 insecutus

267 4307 302 4351 τοι
323 4313 382 4349 eum
402 4301 548 4351 Antiochus
569 4317 615 4352 rer
634 4312 657 4352 et
679 4307 749 4355 venit
770 4308 868 4358 Dorum

264 4391 371 4452 fugiens
398 4404 447 4454 per
479 4393 657 4453 maritimam;
696 4394 735 4445 tt.
768 4398 868 4448 sciebat

264 4481 335 4527 enim
363 4480 432 4542 quod
458 4489 619 4544 conorcyata
644 4491 707 4532 stent
738 4485 810 4536 mola
838 4489 868 4536 in

265 4583 332 4627 ciens,
354 4575 377 4618 et
398 4570 508 4632 reliquit
531 4585 589 4620 eum
610 4574 749 4624 exercitus.
774 4576 814 4626 13.
835 4579 868 4626 Et

265 4657 397 4722 applicuit
421 4661 566 4708 Antiochus
590 4675 670 4724 super
690 4663 788 4711 Dorum
811 4679 866 4715 rum

265 4752 366 4794 centum
385 4748 484 4808 aipinti
506 4747 627 4798 millibus
648 4751 767 4801 virorum
788 4753 868 4803 helli-

940 1031 1018 1102 15,1.
1035 1029 1089 1088 Καὶ
1102 1028 1256 1088 άπέστειλεν
1269 1029 1401 1112 Ἀντίοχος
1412 1033 1465 1099 υίὸς
1477 1037 1572 1109 Δημη-

898 1121 973 1194 τρίου
989 1122 1034 1176 τοῦ
1051 1119 1179 1198 βασιλέως
1196 1118 1335 1187 ἐπιστολὰς
1350 1120 1403 1179 ἀπὸ
1415 1124 1466 1179 τῶν
1485 1120 1573 1194 νήσων

898 1209 946 1276 τῆς
966 1207 1101 1280 θαλάσσης
1121 1209 1223 1284 Σίμωνι
1240 1212 1306 1288 ίερεῖ
1323 1211 1367 1268 καὶ
1386 1211 1502 1289 ἐθνάρχῃ
1522 1214 1573 1268 τῶν

898 1294 1037 1354 Ἰουδαίων
1061 1297 1105 1354 καί
1129 1298 1208 1356 παντί
1230 1303 1269 1376 τῷ
1291 1297 1366 1358 ἔθνει·
1386 1301 1414 1358 2.
1436 1299 1482 1356 καὶ
1505 1290 1574 1370 ήσαν

898 1385 1070 1462 περιέχουσαι
1085 1385 1129 1443 τὸν
1144 1387 1239 1464 τρόπον
1255 1391 1357 1446 τοῦτον

942 1472 1072 1540 Βασιλεὺς
1093 1473 1231 1554 Ἀντίοχος
1254 1478 1357 1552 Σίμωνι
1380 1478 1445 1554 ἱερεῖ
1466 1479 1575 1557 μεγάλῳ

901 1559 947 1620 καλ
962 1561 1077 1642 ἐθνάρχῃ
1091 1564 1136 1620 καλ
1151 1561 1217 1623 ἔθνει
1232 1563 1367 1623 Ἰουδαίων
1381 1563 1494 1645 χαίρειν.

942 1651 971 1710 3.
998 1649 1109 1723 Ἐπειδὴ
1137 1652 1227 1730 ἄνδρες
1255 1653 1343 1730 λοιμοί
1373 1654 1575 1732 κατεκράτησαν

900 1743 950 1811 τῆς
971 1741 1107 1818 βασιλείας
1126 1745 1177 1799 τῶν
1197 1741 1319 1821 πατέρων
1341 1746 1429 1816 ἡμῶν,
1446 1743 1577 1821 βούλομαι

902 1827 930 1885 δὲ
951 1829 1171 1900 ἅντιπυιήσασθαι
1192 1834 1239 1900 τῆς
1261 1830 1396 1910 βασιλείας
1413 1830 1485 1897 ὅπως
1506 1835 1576 1890 ino-

903 1917 1066 1988 καταστήσω
1091 1919 1174 1986 aiz-tn
1203 1921 1238 1985 ὡς
1264 1910 1296 1991 ἧν
1326 1919 1463 1998 πρότερον,
1490 1917 1576 1988 ἐξενο-

902 2005 1005 2084 λόγησα
1023 2006 1050 2063 δὲ
1068 2007 1165 2077 πλῆθος
1180 2009 1317 2086 δυνάμεων
1331 2008 1376 2066 καί
1393 2008 1577 2066 κατεσκεύασα

903 2094 984 2152 πλοῖα
999 2096 1144 2172 πολεμικὰ,
1157 2101 1186 2156 θ.
1203 2096 1333 2175 βούλομαι
1345 2095 1372 2155 δὲ
1386 2095 1494 2166 ἐκθῆναι
1507 2095 1577 2154 κατθ

903 2181 952 2254 τὴν
969 2181 1070 2262 χώραν,
1090 2180 1160 2251 ὅπως
1179 2186 1298 2259 μετέλθοι
1319 2185 1377 2250 τοὺς
1397 2185 1579 2264 κατερθαρκό·

903 2295 951 2338 τας
971 2271 1018 2344 τήν
1039 2271 1129 2352 χώραν
1153 2278 1229 2349 ἡμῶν
1253 2274 1299 2332 καὶ
1320 2273 1378 2342 τοὺς
1400 2273 1579 2354 ἠρημωκότας

905 2359 993 2428 πόλεις
1017 2361 1117 2427 πολλάς
1139 2363 1165 2419 ἐν
1188 2366 1220 2440 τῇ
1244 2362 1376 2443 βασιλεία.
1401 2367 1430 2424 5.
1453 2365 1510 2422 Νῦν
1534 2353 1578 2420 τόν

903 2447 1000 2526 θατημί
1022 2473 1063 2507 σοι
1085 2449 1170 2508 πάντα
1193 2451 1226 2508 ric
1248 2451 1416 2532 ἀραιρίματα
1436 2451 1452 2508 θ
1475 2452 1579 2529 οίρῆκοίν

907 2562 946 2596 σοι
962 2541 986 2598 οἱ
1000 2538 1052 2619 πρὸ
1066 2541 1130 2614 ἐμοῦ
1147 2541 1263 2616 βασιλεῖς
1275 2539 1321 2598 καὶ
1333 2540 1381 2598 ὅσα
1395 2541 1464 2598 ἄλλα
1477 2539 1580 2616 δόματα

907 2628 1012 2707 ἀρῆκοίν
1044 2650 1096 2699 σοι,
1119 2631 1147 2688 6.
1170 2627 1215 2686 καὶ
1248 2629 1379 2709 ίπίτρεψοί
1404 2651 1445 2687 σοι
1471 2631 1581 2698 ποιῆσαι

906 2717 1000 2793 κόμμα
1015 2715 1091 2790 ἴδιον,
1106 2719 1224 2792 νόμισμα
1240 2722 1271 2796 τῇ
1284 2721 1360 2798 γεὀρογ
1373 2740 1430 2784 σου,
1443 2720 1471 2776 7.
1483 2715 1582 2796 Ἰερου-

909 2805 1002 2881 σαλήμ
1026 2805 1053 2863 δὲ
1075 2807 1121 2864 καὶ
1143 2805 1175 2862 τὰ
1202 2805 1264 2880 ἅγια
1287 2787 1353 2864 cium
1382 2804 1516 2884 ἐλεύθερα,
1537 2803 1582 2864 καί

907 2893 996 2952 πάντα
1024 2893 1057 2952 τά
1085 2893 1154 2952 ὅπλα
1182 2893 1231 2954 ὅσα
1257 2892 1455 2960 κατεσκεύασας
1480 2895 1526 2953 καί
1549 2891 1583 2951 σθ

909 2981 1072 3062 ὀχυρώματα
1087 2984 1104 3041 θ
1118 2983 1292 3063 ᾠκοδόμησας
1304 2975 1340 3041 ὧν
1353 2991 1470 3064 κρατεῖς,
1483 2981 1583 3060 μενέτω

910 3093 961 3130 σοι.
981 3073 1000 3129 8
1019 3071 1073 3132 Καὶ
1095 3081 1147 3129 πᾶν
1170 3072 1302 3151 όρείλημα
1326 3071 1461 3154 βασιλικὸν
1483 3071 1529 3129 καὶ
1550 3071 1583 3129 τά

910 3159 1024 3234 ἐσόμενα
1049 3157 1174 3238 βασιλικόν
1199 3161 1251 3218 άπὸ
1274 3166 1321 3220 τοῦ
1345 3165 1389 3220 νῦν
1413 3161 1459 3220 καὶ
1481 3162 1517 3226 εἷς
1540 3159 1584 3218 τὸν

912 3247 1018 3307 ἅπαντα
1040 3247 1134 3328 χρόνον
1156 3248 1273 3327 ἀφείσθω
1302 3271 1354 3309 σοι.
1379 3254 1409 3310 9.
1433 3248 1483 3315 Ὦς
1507 3247 1530 3307 δ’
1554 3249 1584 3306 ἂν

912 3336 1087 3416 κρατήσωμεν
1109 3341 1156 3408 τῆς
1179 3338 1314 3415 βασιλείας
1334 3342 1421 3414 ἡμῶν,
1442 3335 1584 3412 δοξάσομίν

911 3427 1043 3486 reuniri
1058 3427 1127 3492 ἔθνος
1141 3449 1188 3484 σου
1203 3427 1248 3484 καί
1263 3426 1293 3486 τὸ
1307 3426 1376 3504 ἱερὸν
1391 3425 1453 3504 δόξῃ
1469 3427 1584 3503 μεγάλῃ,

911 3513 975 3580 ιίιςτε
1001 3514 1114 3596 ρανερθιν
1142 3519 1262 3591 γενέσθαι
1286 3515 1334 3588 τήν
1359 3513 1434 3584 δόξαν
1461 3517 1535 3592 ὑμῶν
1561 3517 1586 3572 ἐν

912 3605 986 3682 πάσα
1001 3608 1033 3683 τῇ
1050 3609 1092 3683 ti·

954 3857 1001 3914 10.
1019 3851 1116 3919 Ἓτους
1130 3852 1255 3926 τετάρτου
1270 3851 1314 3910 καί
1329 3849 1527 3925 ἓόδομηκοστοῦ
1542 3850 1588 3908 καὶ

914 3946 1058 4004 ἑκατοστοῦ
1073 3939 1178 4009 ἐξῆλθεν
1192 3937 1330 4019 Ἀντίοχος
1348 3943 1385 4006 είς
1403 3937 1451 4008 τὴν
1470 3942 1520 4015 γῆν
1535 3941 1588 3996 τῶν

914 4032 1035 4111 πατέρων
1066 4031 1156 4102 αὐτοῦ,
1182 4027 1227 4088 καὶ
1256 4031 1382 4099 συνῆλθον
1413 4028 1479 4106 πρὸς
1508 4027 1587 4086 αὐτὸν

913 4129 998 4180 πᾶσαν
1013 4121 1039 4177 αἱ
1051 4119 1182 4192 δυνάμεις,
1195 4116 1257 4181 iure
1269 4105 1371 4195 ὀλίγους
1386 4105 1452 4174 εἶναι
1465 4113 1511 4174 σὺν
1520 4115 1590 4194 Τρύ-

915 4233 991 4290 φωνι.
1005 4212 1054 4270 Η.
1070 4205 1122 4267 Καί
1135 4205 1237 4272 ίδίωξεν
1251 4207 1328 4265 αὐτὸν
1339 4203 1501 4282 Ἀντίοχοςθ
1513 4208 1589 4282 βασι-

914 4299 972 4366 λείις
992 4298 1037 4356 καὶ
1058 4289 1122 4368 ἦλθε
1143 4300 1178 4360 εἰς
1198 4301 1277 4373 Δωροῖ
1299 4293 1401 4374 φεύγων
1415 4293 1463 4363 τὴν
1480 4293 1524 4351 ἐπὶ
1544 4295 1590 4362 τῆς

915 4389 1058 4458 θαλάσσης·
1075 4389 1122 4446 ti.
1143 4375 1193 4442 εἶδε
1217 4383 1268 4462 γὰρ
1289 4382 1328 4441 ὅτι
1350 4383 1525 4454 ε’πισυνῆκται
1547 4382 1588 4439 ἐπ’

915 4477 993 4536 αύτθν
1016 4477 1048 4534 ris
1069 4472 1140 4533 κακθι
1161 4473 1206 4531 καὶ
1228 4475 1333 4552 άρῆκαν
1355 4470 1433 4529 αὐτὸν
1457 4473 1485 4528 αἱ
1508 4469 1589 4528 δυνά-

915 4589 982 4642 μεις.
1005 4567 1053 4625 13.
1080 4562 1135 4624 Καὶ
1165 4559 1343 4643 παρενέβαλεν
1376 4558 1514 4638 Ἀντίοχος
1546 4555 1589 4615 ἐπὶ

916 4661 997 4735 Δωρᾶ
1011 4653 1056 4713 καὶ
1072 4653 1117 4712 σὺν
1138 4653 1209 4730 αὐτῷ
1228 4649 1328 4708 δώδεκα
1349 4649 1474 4726 μυριάδες
1488 4649 1589 4726 ἀνδρῶν

916 4745 1084 4821 πολεμιστῶν
1104 4741 1149 4800 καὶ
1168 4738 1349 4816 ὀκτακιςχιλία
1364 4733 1453 4803 ίππος.
1470 4739 1518 4796 ii.
1538 4735 1592 4796 Καὶ
