3625 5367
272 363 312 424 90
788 363 816 419 l.
840 377 931 421 naeu.
957 361 1091 433 aas-m.

316 517 386 579 lam
412 518 585 595 narratur,
611 508 786 601 quomodo
819 510 957 599 utrique
984 509 1115 576 bellum
1143 507 1358 598 paraverint3
1383 508 1483 575 etde
1513 508 1605 597 Syris

272 619 412 709 quidem
426 643 457 687 v.
473 624 595 700 38-b13
612 617 655 684 de
672 616 805 684 ludaeis
819 639 852 684 v.
874 621 987 683 tea-60.

316 726 430 812 Lysias
453 725 616 792 mandato
639 724 731 811 regis
755 723 940 792 obsecutus
967 722 1012 789 ad
1039 722 1294 813 expeditionem
1320 727 1440 788 contra
1462 722 1606 789 ludaeos

269 832 373 919 elegit
388 833 621 899 Ptolemaeum
637 831 748 897 filium
763 829 949 917 Dorymeni
964 829 998 918 (2
1012 830 1117 896 Nach.
1135 833 1214 912 b,t5
1230 829 1381 917 graece),
1402 829 1463 918 qui
1479 851 1609 916 cogno-

270 926 469 1005 minabatur
491 942 625 1025 Μάκρων
649 937 683 1026 (2
706 937 811 1005 tlach.
835 937 968 1024 10,12);
990 935 1040 1002 ita
1064 935 1293 1002 communiter
1317 940 1469 1002 censent.
1492 939 1532 1002 nt
1554 958 1607 1002 res

268 1051 385 1111 tamma
411 1044 519 1111 dubia
546 1043 702 1111 redditur
722 1066 762 1108 ex
783 1044 859 1132 ipso
884 1042 974 1109 libro
998 1042 1107 1108 altero
1131 1042 1256 1124 llaeb.;
1280 1043 1361 1130 quia
1382 1041 1518 1108 dnobus
1537 1042 1608 1109 illis

268 1149 352 1217 locis
372 1150 441 1218 alio
462 1150 566 1217 medo
584 1149 770 1217 Ptolemaei
789 1147 917 1216 mentio
933 1149 982 1214 fit.
997 1149 1030 1214 Si
1048 1153 1165 1216 tamen
1179 1148 1221 1214 de
1243 1170 1311 1214 uuo
1331 1147 1521 1238 codemque
1535 1171 1608 1215 ser-

270 1263 408 1324 monem
429 1257 506 1324 lieri
521 1257 734 1323 censendum
756 1255 830 1337 erit,
847 1261 920 1322 tum
938 1253 1151 1322 Ptolemaeus
1165 1261 1268 1322 antea
1286 1253 1352 1320 luit
1373 1259 1484 1344 Cypro
1506 1277 1605 1343 prae-

271 1364 378 1431 lectus
395 1385 416 1429 a
431 1359 623 1430 Ptolemaeo
638 1368 822 1452 Eupatore‚
839 1383 921 1448 rege
940 1361 1104 1452 Aegypti3
1127 1382 1246 1428 verum
1261 1360 1306 1427 ab
1323 1383 1363 1428 eo
1382 1360 1547 1448 deficiens
1561 1360 1606 1428 ad

271 1476 385 1559 partes
406 1470 540 1537 transiit
558 1468 717 1536 Antiochi
736 1467 926 1558 Epiphania
946 1467 1002 1558 (de
1024 1468 1097 1535 eius
1118 1466 1414 1534 administratione
1439 1467 1474 1534 iu
1498 1461 1607 1556 Cypro

270 1576 385 1643 insula
407 1575 527 1643 scribit
547 1575 709 1663 Polybius
735 1574 865 1663 2212).
891 1576 1101 1642 Ptolemaeus
1127 1579 1200 1641 erat
1225 1574 1304 1657 dux,
1331 1585 1508 1663 στρατηγὸς,
1526 1577 1605 1640 Coe·

268 1681 415 1771 lesyriae
430 1688 464 1749 et
480 1682 659 1750 Phoenicis
679 1684 713 1771 (2
733 1683 838 1750 Mach.
856 1681 943 1770 8,8).
967 1681 1058 1758 Quod
1080 1680 1241 1748 hocloco
1261 1680 1462 1747 brevissime
1484 1701 1606 1747 narra·
1635 1754 1639 1762 ¹

266 1794 335 1868 tur,
350 1787 550 1876 explicatius
572 1787 754 1877 exponitur
773 1794 794 1853 ἓ
816 1787 921 1854 blech.
946 1792 1003 1868 8,8
1026 1806 1119 1875 seq.;
1137 1787 1327 1876 Philippus,
1346 1787 1407 1875 qui
1426 1807 1446 1854 a
1467 1808 1550 1873 rege
1570 1786 1620 1852 iu

265 1895 450 1960 Ierusalem
473 1900 546 1960 erat
565 1895 705 1961 relictus
726 1893 942 1984 praepositus
963 1895 997 1982 (2
1020 1894 1123 1960 llach.
1143 1893 1235 1979 ΗΞ)
1257 1891 1441 1982 scripserat
1462 1892 1505 1959 ad
1525 1897 1606 1959 Pto·

265 1998 438 2066 lemaeum
458 1999 500 2066 de
520 2000 675 2088 periculo
696 2000 789 2088 quod
808 2000 876 2090 ipsi
897 2005 931 2066 et
954 1998 1047 2087 Syris
1068 1999 1265 2066 immineret
1286 2021 1307 2065 a
1326 1997 1474 2066 ludaeis.
1494 1998 1605 2066 Facile

266 2104 477 2194 intelligitur
495 2106 731 2174 Ptolemaeum
763 2128 804 2173 ea
833 2107 876 2173 de
900 2127 937 2171 rc
965 2103 1145 2172 certiorem
1169 2104 1358 2172 reddidisse
1383 2104 1529 2192 Lysiam,
1547 2106 1605 2194 qui

268 2212 526 2279 administrator
546 2213 647 2297 regni
671 2235 691 2279 a
711 2231 792 2298 rege
819 2217 892 2279 erat
912 2210 1097 2279 institutus.
1122 2211 1236 2300 Lysias
1257 2211 1373 2300 itaque
1398 2209 1515 2300 clepit,
1536 2212 1604 2301 ipsi

140 2325 146 2333 “
269 2319 461 2406 Ptolemaeo
480 2318 656 2402 negotium
678 2317 847 2385 commisit
861 2316 1076 2408 reprimendi
1096 2323 1234 2385 conatus
1254 2317 1474 2397 ludaeorum;
1496 2317 1606 2384 Ptole-

269 2447 368 2492 maeo
386 2425 540 2493 adiuncti
560 2432 640 2492 sunt
663 2424 747 2491 belli
771 2425 875 2493 duces
898 2424 1059 2509 Nicanor,
1076 2424 1169 2493 filius
1188 2424 1333 2492 Patrocli
1359 2425 1392 2514 (2
1408 2424 1513 2490 llacb.
1532 2423 1603 2510 aa)

269 2539 303 2598 et
319 2533 472 2618 Gorgias
493 2532 544 2598 rei
566 2531 726 2599 militaris
746 2531 846 2598 valde
867 2531 996 2621 peritus
1012 2531 1048 2620 (l.
1071 2531 1130 2620 c).
1151 2531 1363 2598 Ptolemaeus
1384 2530 1457 2620 ipse
1476 2528 1605 2596 exerci-

270 2643 345 2705 tum
371 2644 414 2703 20
435 2637 585 2705 millium
615 2639 772 2726 collegit,
801 2637 907 2728 copiis
934 2660 955 2705 a
980 2639 1079 2725 Lysia
1107 2637 1285 2705 submissis
1311 2636 1418 2703 crevit
1442 2657 1606 2704 numerus
1720 2646 1724 2667 ¹

269 2765 378 2838 usque
400 2743 444 2810 ad
469 2750 511 2812 lb
535 2745 646 2810 millia
666 2751 700 2811 et
720 2751 850 2834 septem
873 2745 983 2811 millia
1003 2743 1171 2833 equitum,
1190 2763 1338 2832 quorum
1359 2741 1530 2810 tamenin
1552 2765 1604 2809 re-

269 2849 372 2935 gione
396 2848 603 2940 plerumque
627 2855 792 2916 montana
819 2850 952 2917 utilitas
978 2850 1078 2917 haud·
1101 2871 1229 2936 magna
1255 2855 1341 2916 crat.
1369 2854 1473 2916 Tanta
1497 2848 1605 2935 igitur

269 2954 418 3020 militum
437 2955 536 3042 copia
555 2955 700 3021 ludaeos
724 2956 870 3022 obruere
888 2961 922 3022 et
944 2955 1171 3023 exterminare
1191 2978 1225 3023 se
1247 2955 1347 3023 facile
1370 2977 1468 3045 posse
1490 2977 1604 3046 spera-

268 3061 367 3127 bant.
385 3065 541 3127 Ceterum
557 3083 597 3128 ex
615 3066 665 3142 aa
683 3083 755 3150 seq.
774 3067 807 3128 et
822 3068 843 3127 Ξ
858 3062 963 3130 blech.
982 3068 1074 3142 ala.
1093 3068 1134 3128 ‘23
1154 3070 1298 3151 apparet
1317 3061 1440 3128 turmis
1455 3061 1604 3156 militum

268 3167 432 3256 separatis
450 3166 585 3234 bellum
599 3189 675 3235 esse
695 3172 827 3254 gestum
848 3190 910 3258 per
924 3169 1087 3254 Gorgiam
1108 3174 1140 3234 et
1159 3170 1373 3235 Nicanorem.
1392 3169 1605 3236 Ptolemaeus

268 3273 343 3363 ipse
368 3273 461 3341 bello
488 3296 559 3340 non
584 3274 760 3341 intererat.
780 3274 819 3341 ld
838 3275 1015 3362 colligitur
1034 3297 1072 3341 ea
1094 3274 1292 3342 narratione
1317 3273 1551 3364 subsequenti,
1568 3273 1604 3340 in

270 3403 340 3469 qua
359 3382 431 3447 eius
451 3380 548 3447 nulla
568 3381 607 3446 lit
631 3382 770 3448 mentio.
796 3384 952 3448 Ceterum
973 3382 1150 3470 utriusque
1170 3379 1250 3447 libri
1266 3381 1420 3448 narratio
1436 3379 1538 3448 etiam
1558 3381 1604 3447 sic

270 3486 432 3574 componi
461 3491 582 3575 potest,
611 3493 646 3554 ut
674 3486 890 3555 Ptolemaeus
918 3487 1049 3554 litteras
1078 3487 1229 3576 Philippi
1257 3487 1426 3577 accepisse
1455 3487 1600 3568 dicatur,

271 3598 454 3681 postquam
475 3595 589 3680 Lysias
609 3617 726 3661 curam
752 3594 835 3661 belli
856 3598 976 3661 contra
1000 3593 1143 3660 ludaeos
1165 3592 1309 3679 gerendi
1327 3593 1394 3682 ipsi
1415 3593 1603 3660 demanda-

270 3703 377 3778 verat,
392 3727 409 3760 «
429 3721 497 3788 quo
513 3701 623 3788 posito
638 3699 806 3789 liquidior
820 3700 886 3767 erit
905 3699 1087 3767 ambarum
1106 3699 1344 3766 narrationum
1364 3699 1565 3789 compositio
1585 3727 1600 3760 u

271 3806 410 3893 (Ponit.
435 3828 467 3895 p.
491 3807 583 3894 251).
606 3808 700 3884 Quod
720 3808 829 3896 aliqui
848 3807 967 3874 dieunt
991 3806 1026 3872 in
1053 3805 1211 3872 versione
1238 3829 1317 3897 syra
1341 3805 1453 3872 solum
1484 3806 1603 3872 decem

230 3948 232 3955 ·
268 3911 379 3977 millia
398 3899 560 4000 reperiri,
577 3934 696 3979 verum
714 3919 762 3980 est
784 3913 827 3981 de
849 3912 999 3980 tantuin
1018 3911 1133 3978 bibliis
1148 3912 1300 3993 Waltom
1318 3912 1376 3979 sed
1397 3913 1433 3978 in
1453 3911 1604 3979 editione

188 4053 194 4062 ·
267 4015 457 4102 aLagarde
473 4023 591 4084 curata
606 4024 639 4084 et
653 4019 688 4084 in
705 4041 720 4086 s
736 4018 902 4104 leguntur
916 4025 957 4084 tu
975 4017 1093 4085 millia.

313 4120 437 4209 Copiae
459 4121 544 4188 istae
568 4145 588 4189 a
610 4123 707 4210 Syria
735 4130 769 4190 et
797 4125 967 4191 Phoenice
994 4125 1168 4212 profectae
1195 4125 1334 4192 demum
1360 4124 1606 4214 applicueruut

266 4235 469 4314 παρενέέαλεν
499 4233 608 4295 castra
638 4236 828 4318 pesuerunt
851 4252 958 4320 prope
981 4235 1158 4297 Emmaum
1185 4229 1209 4297 i.
1234 4253 1264 4297 e.
1289 4253 1396 4321 prope
1427 4231 1604 4318 Nicopolin

268 4333 306 4400 ire
319 4334 457 4423 cepione
471 4335 669 4423 campestri,
684 4336 719 4402 in
733 4337 940 4424 Schepbela3
956 4358 1084 4403 nomen
1098 4335 1303 4403 hodiernum
1317 4345 1367 4404 est
1383 4342 1528 4418 AmwaS,
1546 4337 1603 4403 Ni-

269 4442 403 4530 copolis
418 4440 664 4508 nominabatur
684 4464 723 4508 ex
742 4443 878 4508 saeculo
895 4443 996 4509 tertio
1012 4466 1045 4532 p.
1065 4443 1144 4524 Cb.;
1161 4445 1225 4510 sita
1239 4449 1288 4510 est
1303 4444 1385 4510 urbs
1401 4445 1473 4511 lere
1489 4442 1604 4511 media

269 4547 304 4612 in
319 4550 373 4614 ria
390 4552 524 4639 aloppe
539 4570 657 4615 versus
673 4549 868 4632 Ierusalem,
883 4549 1007 4636 viginti
1023 4547 1092 4616 duo
1109 4549 1273 4618 milliaria
1288 4573 1432 4616 romana
1448 4540 1611 4617 occider?

271 4661 336 4719 teni
354 4676 472 4722 versus
493 4679 513 4722 a
531 4654 732 4738 ierusalem3
749 4657 815 4722 sita
830 4663 880 4722 est
901 4657 985 4724 urbs
1006 4656 1042 4722 in
1059 4656 1206 4723 confinio
1227 4659 1379 4744 regionis
1404 4657 1603 4746 campestris

269 4764 303 4826 et
319 4766 515 4843 montanae,
532 4790 548 4824 «
572 4763 631 4830 ubi
647 4762 820 4852 incipiunt
839 4769 1001 4830 montana
1016 4762 1162 4830 Iudaeae
1176 4785 1381 4850 consurgere
1399 4791 1415 4826 u
1437 4763 1577 4852 (Hira).
