3625 5367
722 403 750 459 2.
774 417 867 462 ulcu.
894 403 1036 474 ala-17.
1491 407 1549 464 299

213 573 307 633 rum;
325 571 437 641 neque
449 551 601 639 id'plane
616 550 769 617 alienum
785 557 835 617 est
849 551 893 617 ab
909 573 971 618 usu
988 551 1115 640 prisco;
1127 553 1174 638 cl.
1191 551 1298 632 Plato,
1313 552 1461 618 Phaedr.
1478 559 1545 619 227

215 661 334 728 Baua&
355 662 504 745 Πίνδαρον
525 656 548 722 i.
574 679 604 724 e.
630 664 665 723 ut
684 656 853 724 Pindarus
872 657 919 722 ait
942 656 1095 746 (Harl.);
1119 661 1156 726 τὰ
1176 663 1250 727 αὑτά
1272 657 1410 724 videtur
1430 660 1552 726 reterri

215 765 342 832 debere
362 764 541 832 adomnia
562 785 650 853 quae
674 770 753 829 1-12
775 769 977 843 narrantum
996 768 1017 830 S
1035 786 1118 829 raro
1143 764 1243 830 aliter
1265 785 1272 830 :
1295 770 1328 831 et
1349 769 1492 832 narrant
1516 767 1553 831 in
1589 773 1592 777 '

216 871 313 937 libris
344 877 377 936 et
405 869 688 937 memorabilibus
714 869 807 958 quod
835 869 1018 936 Nehemias
1042 869 1199 937 similiter
1227 871 1301 958 (ita)
1327 871 1431 952 tecit3
1462 894 1552 959 quae

215 976 407 1045 enuntiatio
426 983 515 1043 certe
529 981 659 1065 spectat
674 977 717 1043 ad
733 975 975 1064 complendam
997 975 1289 1064 comparationem
1306 977 1344 1042 iu
1358 1001 1393 1044 v.
1417 984 1459 1044 12
1478 998 1485 1043 :
1503 978 1555 1045 uti

215 1085 388 1164 Salomon,
411 1083 459 1149 ita
484 1082 625 1149 tradunt
647 1082 751 1148 etiam
775 1081 977 1148 Nehemiam
1002 1102 1065 1170 per
1087 1088 1162 1148 octo
1187 1083 1260 1150 dies
1284 1084 1474 1150 celebrasse
1496 1085 1555 1150 de-

217 1189 435 1257 dicationem.
460 1193 481 1256 S
502 1189 590 1255 nihil
615 1189 720 1255 habet
742 1188 784 1255 de
805 1187 968 1256 Nehemia
996 1193 1134 1255 auctore
1159 1189 1462 1272 memorabilium,
1489 1191 1552 1278 qui

214 1302 330 1363 tamen
353 1302 471 1362 auctor
494 1300 565 1362 tam
591 1294 681 1362 clare
709 1293 746 1360 in
768 1297 860 1360 textu
881 1315 1007 1379 graeco
1029 1294 1233 1382 designatur
1253 1313 1318 1376 τοῖς
1343 1300 1418 1364 κατὰ
1438 1308 1489 1364 τὸν
1508 1301 1548 1362 Ν.

215 1402 455 1470 memorabilia
469 1406 573 1491 prout
588 1401 787 1489 conscripsit
802 1401 982 1468 Nehemias
998 1402 1067 1490 (K.)

259 1513 295 1576 ln
317 1507 440 1574 iisdem
463 1507 746 1574 memorabilibus
768 1508 873 1574 etiam
896 1508 1134 1597 exponebatur
1153 1516 1200 1576 καὶ
1220 1517 1261 1589 ὡς
1281 1513 1349 1577 etc.
1374 1507 1551 1598 quomodo

215 1615 366 1683 condens
394 1613 640 1680 bibliothecam
664 1613 846 1701 collegerit
868 1618 904 1682 τὰ
927 1621 1074 1703 περὶτῶν
1101 1622 1246 1696 βασιλέων
1271 1615 1383 1682 libros
1407 1637 1548 1702 regum;

215 1727 236 1788 S
259 1721 365 1789 libros
386 1742 586 1807 regnorum,
609 1720 646 1786 id
670 1720 764 1808 quod
786 1722 948 1805 congruit
968 1741 1047 1787 cum
1064 1724 1145 1787 LXX
1165 1729 1263 1810 littior
1289 1729 1449 1803 βασιλειῶν
1469 1724 1493 1788 i.
1518 1745 1548 1788 e.

215 1828 295 1894 libri
318 1834 335 1893 l
361 1833 512 1913 Regum;
534 1827 627 1894 unde
646 1832 746 1916 putat
764 1825 870 1894 Hert.
897 1827 1001 1892 etiam
1021 1826 1059 1892 in
1085 1833 1200 1894 nostro
1220 1833 1314 1895 textu
1335 1826 1461 1896 melius
1478 1827 1551 1914 legi

214 1943 283 2024 περὶ
297 1945 353 2003 τῶν
370 1942 526 2016 βασιλειῶν
541 1938 576 2000 et
593 1933 742 2018 intelligi
757 1941 776 1999 3
794 1939 826 1998 et
844 1938 861 1998 'a
878 1939 961 2020 Reg.
985 1933 1046 2022 qui
1063 1933 1145 1999 libri
1164 1940 1248 2001 teste
1267 1934 1474 2022 Hieronymo
1494 1934 1544 2024 (in

215 2041 360 2131 prologo
393 2039 538 2127 galeato)
570 2039 663 2129 apud
691 2038 860 2106 Hebraeos
891 2045 1028 2129 praeter
1051 2062 1177 2106 nomeu
1206 2041 1389 2107 melachim
1423 2040 1547 2130 (reges)

216 2147 318 2214 eliam
339 2147 548 2214 mamlachot
570 2147 703 2235 (regna)
726 2151 901 2212 vocentur.
922 2146 1004 2213 Dein
1023 2153 1071 2215 καὶ
1092 2160 1251 2236 προφητῶν
1267 2146 1291 2214 i.
1315 2171 1345 2214 e.
1366 2156 1416 2216 καὶ
1431 2152 1466 2215 τὰ
1483 2155 1552 2234 περὶ

215 2265 272 2323 τῶν
291 2265 464 2342 προφητῶν;
493 2259 588 2320 Ausi
608 2263 765 2340 προφητῶν
787 2261 895 2334 tituta,
919 2253 1078 2320 similiter
1102 2259 1123 2319 S
1146 2273 1154 2319 :
1178 2254 1284 2320 libros
1303 2275 1495 2340 regnorum
1517 2258 1550 2319 et

216 2361 465 2450 prophetarum
490 2366 522 2424 et
542 2357 696 2440 ravidis,
719 2361 754 2426 τὰ
782 2376 833 2426 τοῦ
855 2360 949 2426 dioto
970 2359 994 2423 i.
1022 2382 1052 2424 e.
1078 2359 1152 2426 sine
1174 2359 1281 2426 dubio
1308 2359 1550 2445 intelliguntur

215 2467 357 2557 psalmi;
377 2472 410 2532 et
429 2466 588 2555 epistolas
608 2486 729 2552 regum
746 2469 1024 2554 septimoautem
1040 2466 1084 2532 de
1102 2466 1202 2532 donis
1221 2466 1336 2532 sacn's.
1352 2466 1448 2542 Quod
1465 2465 1547 2549 vulg

216 2573 319 2640 habet
334 2571 552 2662 concremavit
568 2571 609 2638 de
623 2571 822 2661 ropionibus
836 2570 939 2637 libros
950 2571 1087 2638 exhibet
1100 2593 1178 2637 oum
1192 2577 1213 2636 S
1228 2571 1461 2638 testimonium
1476 2571 1547 2655 legi

215 2686 371 2770 oportere
398 2688 570 2762 βασιλειῶν;
599 2679 703 2746 etiam
727 2685 839 2755 1923.
869 2684 911 2744 52
935 2678 981 2744 al.
1005 2676 1138 2744 addunt
1159 2684 1237 2767 post
1262 2686 1405 2760 βασιλεων
1436 2685 1547 2759 tiatira.

216 2787 310 2854 Hisce
328 2786 370 2853 de
389 2787 505 2876 aliqua
525 2786 693 2851 librorum
709 2784 906 2851 collectione
923 2785 1086 2866 retectum
1104 2806 1225 2850 verum
1239 2784 1323 2873 quid
1341 2784 1383 2850 de
1400 2783 1548 2870 singulis

216 2893 425 2960 censendum
446 2893 500 2974 sit,
520 2912 644 2982 parum
662 2896 793 2958 constat
809 2912 923 2981 neque
942 2892 1035 2958 iuvat
1054 2890 1243 2957 multorum
1267 2912 1445 2957 recensere
1463 2911 1554 2957 con·

215 3001 373 3067 iacturas.
397 3000 596 3066 Nehemiam
621 3019 739 3065 curam
763 2998 974 3087 impendisse
1001 2997 1098 3064 libris
1115 2999 1221 3065 sacris
1246 2997 1459 3086 colligendis
1481 3019 1555 3064 cer-

217 3113 291 3173 tum
312 3114 377 3187 est;
398 3106 475 3172 vide
498 3128 585 3195 quae
608 3105 766 3194 Coi-neu,
794 3105 922 3172 lntrod.
946 3110 958 3171 l
979 3111 1011 3170 2.
1029 3104 1082 3171 ed.
1108 3128 1142 3194 p.
1170 3111 1213 3170 52
1232 3105 1276 3171 de
1300 3107 1363 3170 boc
1385 3105 1463 3171 loco
1485 3104 1555 3171 dis-

218 3218 327 3304 putat.
352 3214 404 3280 Uti
423 3213 604 3280 Nehemias
625 3213 720 3291 olim,
742 3213 790 3278 ita
810 3233 921 3300 nuper
940 3233 1079 3298 quoque
1098 3210 1198 3276 ludas
1221 3233 1260 3277 ea
1281 3233 1370 3299 quae
1392 3215 1550 3299 tempore

216 3320 462 3410 persecutionis
483 3319 639 3407 dispersa
661 3323 759 3384 eraut
779 3317 835 3405 (ct.
859 3324 874 3382 1
895 3317 999 3382 llach.
1024 3321 1115 3396 1,59.
1138 3320 1193 3401 60)
1219 3314 1334 3382 denuo
1357 3315 1554 3400 colligenda

218 3426 350 3494 curavit
368 3449 401 3494 v.
429 3431 480 3492 lt.
503 3429 631 3491 Horum
652 3423 822 3489 librorum
845 3422 1020 3510 exemplar
1038 3422 1148 3511 parati
1173 3427 1251 3486 sunt
1273 3420 1408 3488 ludaeis
1429 3420 1465 3486 in
1485 3425 1552 3486 Ae-

218 3537 327 3622 gypto
355 3532 561 3619 degentibus
585 3530 731 3596 mittere.
757 3531 830 3594 Non
857 3528 915 3614 agi
944 3529 1043 3593 unice
1067 3527 1110 3594 de
1137 3527 1233 3593 libris
1257 3530 1373 3612 sacris,
1401 3532 1547 3617 apparet

220 3659 260 3705 ex
277 3661 315 3705 eo
330 3639 412 3728 quia
427 3637 606 3706 Nehemias
621 3636 723 3704 etiam
737 3634 878 3721 collegit
894 3634 1057 3724 epistolas
1074 3655 1197 3719 regum
1215 3635 1257 3701 de
1273 3633 1436 3701 donariis.
1455 3634 1549 3700 Hisce

221 3743 314 3812 enim
336 3767 407 3812 non
426 3752 558 3812 tantum
581 3743 730 3829 intelligi
754 3746 896 3833 possunt
920 3741 1065 3830 quaein
1089 3740 1185 3806 libris
1207 3741 1330 3807 Esdrae
1352 3739 1550 3807 referuntur

223 3852 330 3940 (Esdr.
355 3859 427 3932 6,2;
453 3858 543 3932 7,11.
567 3853 652 3917 Neh.
675 3849 765 3933 2,7l;
791 3870 868 3915 uam
891 3835 1027 3937 praeter
1042 3847 1105 3914 illa
1124 3845 1192 3913 alia
1211 3869 1349 3936 quoque
1369 3844 1511 3912 donaria
1531 3867 1552 3911 a

221 3959 363 4045 regibus
378 3980 447 4025 esse
463 3961 564 4040 lacta,
583 3957 661 4023 vide
677 3963 697 4022 2
711 3955 814 4022 llach.
831 3961 887 4034 3,2
909 3959 942 4020 ct
959 3961 1054 4036 1,35;
1072 3976 1219 4043 quorum
1239 3954 1446 4020 documenta
1461 3958 1552 4019 certe

223 4064 326 4132 etiam
346 4065 382 4131 in
403 4065 557 4132 archivio
577 4063 700 4152 templi
721 4061 990 4129 asservabantur
1011 4065 1067 4133 tot.
1096 4061 1227 4150 Herio).
1584 4147 1591 4156 ·

268 4178 302 4238 ln
324 4172 390 4239 fine
413 4171 574 4262 epistolae
595 4171 721 4238 iterum
741 4168 933 4234 invitantur
951 4168 996 4234 ad
1019 4168 1260 4235 celebrandam
1277 4167 1551 4258 purificationem

224 4301 255 4346 v.
286 4286 343 4354 16:
374 4279 416 4345 of.
450 4285 538 4357 1,18.
569 4276 783 4345 Concludunt
811 4275 991 4364 epistolam
1018 4275 1076 4364 pia
1104 4274 1364 4364 adprecationc,
1392 4294 1482 4362 quae
1510 4293 1549 4337 ex

224 4391 278 4452 lla.
302 4392 379 4466 19,6
399 4383 594 4452 enascitur:
612 4388 697 4450 [leus
716 4382 775 4471 qui
794 4381 876 4448 olim
894 4386 1004 4447 totum
1025 4381 1191 4470 populum
1205 4378 1366 4446 liberavit
1387 4401 1427 4444 ex
1445 4377 1554 4444 servi-

226 4499 295 4559 tute
314 4491 519 4582 aegyptiaoa
533 4497 567 4557 et
582 4491 642 4579 qui
659 4493 786 4555 terr'am
802 4488 1018 4577 promissam,
1036 4487 1262 4554 hereditatem
1281 4485 1423 4551 tradidit
1439 4485 1548 4550 omni-

224 4600 299 4682 bus,
315 4601 374 4688 qui
392 4599 559 4688 populum
580 4618 678 4662 suum
702 4596 782 4661 fecit
803 4615 949 4680 regnum
965 4593 1173 4660 sacerdotale
1190 4598 1223 4660 et
1242 4597 1383 4679 gentem
1401 4597 1553 4657 sanctam

226 4705 297 4794 (Ex.
325 4705 433 4794 19,o);
459 4705 501 4772 iis
524 4702 703 4792 adscripsit
725 4700 932 4787 dignitatem
952 4700 1095 4786 regiam,
1120 4704 1238 4789 utpote
1264 4698 1323 4787 qui
1343 4698 1411 4764 sint
1437 4695 1553 4763 eximii

226 4835 308 4902 prae
335 4811 497 4879 omnibus
514 4810 683 4898 gentihus,
706 4808 911 4894 dignitatem
932 4805 1189 4889 sacerdotalem,
1212 4805 1342 4897 quippe
1364 4827 1449 4896 quos
1469 4810 1554 4872 [teus
