3625 5367
654 333 660 343 ,
734 276 762 333 2.
788 293 880 337 Μαι.
907 276 1066 347 ladit-⁶26.
1509 278 1568 336 tos

219 436 306 495 -tum
325 426 425 494 valde
446 446 571 515 parvus
586 430 636 491 est
655 424 788 491 ratione
808 424 930 491 habita
948 424 1127 515 peditum;
1143 445 1264 491 verum
1285 444 1363 490 eum
1382 445 1566 491 numerum

233 533 457 623 hyperbolice
481 530 596 597 efferri
620 552 659 596 ex
691 529 877 597 traditione
903 531 1065 621 populari
1090 528 1189 597 facile
1211 529 1426 597 concesseris.
1448 534 1567 597 Totam

233 640 372 707 turbam
391 639 553 719 militum,
574 636 769 714 mulierum,
790 636 943 704 filiorum
964 660 1003 703 eo
1025 634 1276 725 comprehendi
1288 634 1413 724 utique
1432 634 1569 702 admitti

231 750 358 835 potest;
376 743 564 829 collegerat
576 742 668 809 enim
684 741 883 809 Timotheus
897 744 1083 811 exercitum
1098 763 1197 808 suum
1214 764 1254 808 ex
1268 741 1473 829 promiscuis
1482 764 1568 829 gen-

231 852 323 918 tihus
343 858 379 918 et
392 849 611 930 nomadibus‚
630 848 690 937 qui
705 870 782 915 cunr
795 854 867 917 tota
885 871 947 917 sua
961 849 1094 916 familia
1112 856 1146 915 et
1164 847 1433 937 possessionibus
1450 848 1483 915 ei
1496 870 1568 915 sese

233 957 470 1025 adiunxerant.
496 956 693 1022 Timotheus
713 977 817 1045 quam
841 958 995 1044 primum
1016 956 1248 1021 incursionem
1272 952 1377 1021 ludae
1406 954 1566 1035 advertit,

232 1065 394 1132 mulieres
413 1068 447 1129 et
462 1062 591 1130 liberos
606 1069 655 1129 καὶ
674 1072 726 1145 τὴν
743 1070 841 1145 ἀλλην
860 1067 1028 1145 ἀποσκευὴν
1050 1062 1081 1151 (1
1099 1060 1204 1127 llach.
1227 1059 1322 1148 5,13)
1336 1081 1389 1127 res
1404 1060 1567 1150 reliquas,

233 1170 353 1260 spolia,
370 1168 533 1251 sarcinas,
551 1167 780 1257 possessiones
797 1186 883 1258 quas
898 1167 1066 1235 nomades
1083 1189 1199 1234 secum
1219 1171 1451 1255 asportarunt,
1468 1188 1568 1257 prac-

235 1277 328 1343 misit
341 1276 379 1343 in
392 1278 551 1354 Carnion,
574 1275 803 1343 munitionem
820 1274 996 1342 difficilem
1014 1278 1212 1363 expugnatu
1226 1277 1261 1339 et
1275 1294 1410 1340 accessu
1428 1277 1571 1363 propter

234 1383 390 1448 omnium
417 1382 571 1448 locorum
595 1382 785 1469 angustias,
808 1380 832 1448 i.
858 1404 887 1448 e.
914 1386 986 1448 tota
1009 1380 1106 1465 regio
1128 1380 1189 1447 illa
1219 1384 1293 1447 erat
1317 1385 1478 1466 angusta,
1501 1401 1570 1446 nou

234 1487 356 1577 plana3
375 1488 521 1555 Carnion
535 1492 584 1553 est
598 1487 704 1554 hodie
718 1493 806 1556 Kren
821 1489 855 1553 in
872 1487 1025 1555 Ledscha
1041 1486 1097 1575 (cl.
1115 1493 1131 1553 1
1149 1485 1254 1553 llach.
1272 1484 1378 1573 5,26).

277 1593 477 1661 Promiscua
491 1592 552 1660 illa
571 1593 757 1661 multitudo
770 1594 940 1661 exercitus
955 1616 994 1661 ex
1009 1593 1114 1661 variis
1128 1591 1289 1659 tribubus
1302 1592 1439 1658 collecti
1452 1591 1571 1657 simul-

234 1722 274 1766 ac
297 1699 421 1767 cohors
446 1700 560 1789 prima
585 1699 779 1777 Machabaei
807 1701 879 1768 visa
905 1703 955 1767 est
983 1706 1114 1767 terrore
1139 1703 1295 1788 correpta
1319 1706 1372 1777 est
1393 1705 1425 1763 et
1447 1697 1570 1764 timore

235 1812 351 1873 exorto
364 1805 401 1871 in
417 1827 474 1873 eos
489 1808 537 1893 (ἐκ
547 1806 614 1890 τῆς(
630 1828 672 1873 eo
688 1806 782 1895 quod
797 1812 883 1873 [teus
893 1807 1011 1874 omnia
1023 1806 1208 1894 disponens
1220 1826 1261 1899 ac
1273 1802 1458 1894 providens
1470 1803 1570 1870 illum

230 1910 374 1977 incussit
401 1916 581 1995 terrorem,
608 1912 657 1978 ita
682 1911 753 1979 scil.
777 1934 812 1979 se
838 1912 1070 1980 manifestans.
1094 1919 1132 1978 ln
1152 1912 1215 1978 tali
1237 1899 1328 1978 e'nim
1352 1910 1509 1992 victoria,
1534 1909 1571 1975 in

231 2026 364 2084 terrore
380 2025 414 2084 et
434 2017 515 2105 luga
535 2017 684 2083 hostium
707 2019 860 2086 cernitur
879 2020 1110 2086 manifestatio
1130 2018 1190 2085 Dei
1208 2024 1331 2083 cuncta
1351 2016 1514 2083 intuentis
1530 2038 1571 2081 ac

235 2124 427 2210 dirigentis.
447 2129 484 2190 ln
501 2124 621 2209 lugam
639 2146 674 2191 se
693 2124 968 2213 praecipitarunt
989 2133 1085 2205 ἄλλας
1101 2128 1223 2211 ἀλλαχῆ
1241 2132 1403 2210 ςερόμὲνες
1423 2120 1483 2188 alii
1503 2120 1569 2188 alio

236 2230 384 2319 abrepti,
413 2230 462 2297 ita
490 2236 528 2296 ut
553 2251 655 2319 saepe
680 2230 724 2296 ab
747 2230 830 2320 ipsis
854 2230 925 2297 suis
951 2230 1230 2309 vulnerarentur,
1259 2228 1332 2295 scil.
1355 2234 1394 2294 ut
1416 2228 1507 2293 iuter
1532 2249 1569 2293 se

233 2335 377 2403 vulnera
400 2334 613 2422 infligerent,
641 2340 673 2402 et
696 2336 896 2422 gladiorum
921 2335 995 2403 acie
1017 2334 1313 2403 transfoderentur
1332 2357 1364 2399 v.
1386 2339 1441 2402 22.
1468 2331 1569 2401 ludas

234 2442 453 2509 vehementer
476 2441 629 2510 instabat
649 2442 878 2530 persecutioni
901 2442 1099 2509 confodiens
1117 2441 1320 2527 flagitiosos,
1344 2439 1472 2529 perditi
1489 2446 1570 2507 sunt

235 2548 299 2615 viri
323 2548 415 2615 circa
438 2549 584 2635 triginta
604 2548 725 2615 millia.
753 2552 864 2637 Supra
891 2555 907 2614 1
931 2549 1036 2617 Mach.
1059 2555 1151 2630 5,3t.
1172 2552 1273 2615 sr-ta
1297 2547 1350 2612 bis
1373 2552 1567 2635 pugnatum

232 2676 302 2722 esse
318 2660 477 2721 narratur
492 2676 570 2721 cum
585 2654 754 2720 militibus
772 2654 942 2720 Timothei
951 2675 963 2735 3.
976 2655 1013 2721 in
1030 2654 1145 2743 priore
1160 2675 1281 2744 pugna
1298 2651 1475 2742 perierunt
1490 2658 1567 2719 octo

232 2760 361 2841 millia;
389 2760 431 2826 de
456 2760 566 2826 altera
589 2782 662 2826 non
684 2759 827 2827 affertur
849 2782 1026 2827 numerus.
1055 2765 1093 2826 ln
1117 2761 1183 2827 hae
1206 2758 1403 2827 narratione
1427 2758 1568 2825 additur

231 2886 358 2932 novum
380 2865 469 2930 illud
483 2868 526 2931 de
545 2866 720 2933 Timotheo
739 2871 839 2955 capto
862 2866 1057 2956 iterumque
1078 2866 1219 2935 dimisso
1240 2889 1273 2933 v.
1295 2872 1357 2949 2¹⁴3
1381 2866 1455 2955 ipse
1472 2866 1565 2932 enim

232 2970 355 3038 incidit
372 2971 410 3039 in
430 2971 556 3039 milites
579 2973 731 3039 Dosithei
753 2979 786 3039 et
799 2972 977 3063 .Sosipatri
1001 2980 1035 3041 et
1051 2978 1125 3058 μετὰ
1149 2982 1269 3057 πολλῆς
1291 2963 1430 3060 (σηπίας
1453 2971 1565 3039 multa

232 3098 308 3145 cum
344 3077 465 3144 fraude
491 3078 604 3168 petiit,
634 3086 671 3146 ut
695 3080 792 3146 vivus
813 3079 1056 3159 dimitteretur,
1084 3085 1129 3149 διὰ
1152 3094 1186 3148 τὸ
1211 3085 1275 3147 etc.
1303 3082 1386 3167 quia
1412 3078 1565 3168 plurium

233 3190 402 3274 parentes,
425 3184 573 3250 aliorum
589 3190 703 3250 autem
723 3186 846 3251 iratres
862 3186 1008 3252 haberet
1022 3184 1060 3250 in
1075 3207 1138 3251 sua
1156 3190 1336 3274 potestate,
1354 3190 1388 3250 et
1406 3184 1475 3251 illis
1489 3208 1564 3251 eve-

233 3292 316 3372 niet,
343 3297 380 3357 ut
399 3290 489 3357 male
509 3295 699 3358 tractentur
722 3290 876 3377 (additur
902 3290 1001 3380 quasi
1025 3290 1178 3357 oratione
1197 3290 1354 3378 directa),
1376 3295 1401 3356 εἰ
1424 3293 1565 3359 ἀποθάνοι

231 3397 336 3483 vulgo
351 3396 493 3464 additur
510 3396 590 3483 (non
605 3394 736 3463 habeut
761 3401 794 3477 S,
812 3400 850 3478 A,
864 3402 920 3463 23.
939 3402 993 3464 tl.
1011 3403 1066 3465 ΒΞ.
1085 3404 1139 3464 55.
1156 3398 1215 3485 al),
1238 3401 1322 3463 Cum
1340 3395 1476 3463 dicatur
1492 3400 1565 3481 μετὰ

233 3512 351 3587 πολλῆς
375 3512 526 3591 γοητείας,
552 3502 747 3570 Timotheus
773 3501 859 3569 falso
883 3504 919 3569 id
946 3504 1126 3571 asseruisse
1148 3510 1182 3570 et
1209 3503 1311 3570 malis
1332 3503 1463 3571 artibus
1487 3526 1566 3572 usus

234 3632 305 3676 esse
330 3609 374 3676 ad
398 3632 433 3677 se
453 3608 675 3701 liberandum
705 3609 930 3678 convincitur.
958 3615 1141 3700 Postquam
1162 3609 1329 3699 ,pluribus
1353 3609 1568 3677 confirmavit

232 3716 300 3783 fide
325 3717 406 3784 data
425 3717 518 3805 quod
533 3717 752 3783 constitutum
770 3721 855 3797 erat,
873 3716 946 3784 scil.
966 3739 1002 3783 se
1026 3715 1106 3783 illos
1123 3716 1314 3783 incolumes
1332 3715 1496 3805 (illaesos)
1510 3738 1566 3793 ‚re-

233 3821 415 3889 missurum
431 3844 513 3903 esse,
531 3844 608 3889 eum
625 3822 831 3890 dimiserunt
845 3828 988 3913 propter
1004 3824 1150 3891 fratrum
1163 3824 1309 3890 salutem
1326 3846 1358 3891 v.
1376 3828 1431 3890 25.

276 3928 378 3995 ludas
402 3935 518 3997 autem
541 3930 689 3996 Carnion
713 3929 922 4019 praesidium
947 3951 1130 4017 aggressus
1153 3937 1205 3998 est
1225 3930 1270 4018 (ν.
1290 3930 1345 4019 26)
1362 3931 1397 3996 el
1416 3930 1566 4018 ’Arspac-

233 4054 323 4117 τεῑον,
338 4036 459 4103 fanum
479 4036 552 4103 scil.
575 4046 698 4120 τέμενες
717 4039 748 4125 (1
765 4037 870 4104 Mach.
894 4036 987 4127 5,tt)
1006 4037 1191 4125 Atargatis,
1211 4058 1300 4127 quae
1321 4042 1460 4105 Derceto
1484 4060 1568 4127 quo·

232 4166 299 4233 que
320 4142 529 4233 appellatur,
553 4147 586 4209 et
608 4142 721 4228 figura
741 4143 896 4211 mulieris
917 4143 955 4210 in
975 4145 1101 4235 piscem
1123 4144 1312 4212 desinentis
1331 4150 1567 4235 repraesenta-

234 4257 299 4316 tur.
323 4252 452 4315 Fanum
477 4248 566 4316 illud
587 4248 777 4331 succendit,
804 4250 842 4316 in
865 4272 904 4317 eo
926 4258 960 4318 et
982 4253 1016 4317 in
1043 4252 1214 4342 praesidio
1241 4252 1421 4340 perierunt
1445 4249 1569 4334 viginti

234 4353 525 4444 quinquemillia.
541 4358 624 4422 Dein
642 4357 785 4423 venitin
803 4358 943 4445 Ephron
959 4358 1014 4445 (cl.
1033 4367 1049 4425 1
1068 4360 1172 4431 llach.
1193 4358 1299 4444 odd),
1316 4356 1422 4441 vulgo
1437 4354 1569 4441 legitur

236 4468 265 4528 ἐν
288 4464 307 4549 ᾗ
327 4465 454 4549 κατῴκει
478 4468 603 4543 Λυσίας,
627 4463 730 4529 etiam
759 4468 780 4529 S
805 4462 878 4551 ised
898 4485 971 4530 non
997 4463 1126 4530 habeut
1146 4470 1184 4547 A,
1212 4470 1267 4530 ς23.
1293 4468 1347 4529 hb.
1370 4468 1425 4529 52.
1447 4468 1501 4528 55.
1521 4463 1565 4529 al.

233 4564 345 4655 vulg),
361 4566 434 4635 scil.
451 4568 499 4635 ihi
519 4591 598 4637 eum
615 4569 776 4637 habuisse
792 4570 977 4659 palatium,
994 4571 1123 4651 sedem,
1141 4568 1371 4638 domicilium.
1391 4569 1478 4637 Urbs
1496 4572 1572 4637 erat

233 4674 321 4743 bene
346 4676 497 4757 munita;
515 4675 660 4744 aderaut
681 4676 821 4744 iuvenes
845 4677 1035 4758 fortissimi,
1063 4676 1165 4746 multi
1188 4682 1375 4768 apparatus
1399 4675 1576 4744 machina·
