3625 5367
574 406 577 411 ⁵
649 472 651 475 -
759 439 788 495 ⁶2.
812 451 907 497 utcu.
931 438 1032 508 9,3-7.
1497 442 1555 500 375

217 586 337 652 morbo
367 587 627 673 ingravescente
654 586 801 675 (es-10)
834 585 1021 653 subsistere
1050 590 1269 654 coactus-est
1292 592 1326 653 et
1346 587 1553 657 decumbere

215 691 314 759 Tebis
328 692 414 760 urbe
428 696 678 773 Paraetacenes,
697 690 757 758 ubi
772 691 832 758 diu
853 714 932 762 cum
947 698 1058 759 morte
1074 690 1292 759 conflictatus
1309 694 1341 780 (1
1359 694 1465 762 llacb.
1482 702 1552 776 6,8.

215 798 249 887 9)
264 799 405 865 tandem
423 798 516 865 diem
531 796 613 864 vixit
632 820 834 888 supremum
856 826 887 866 u.
1014 866 1017 870 ,

260 905 321 981 Qui
334 904 401 971 iter
417 902 506 970 illud
522 924 639 971 versus
655 904 827 973 Ecbatana
843 904 931 973 falso
948 904 1132 972 confictum
1149 926 1222 972 esse
1243 904 1363 972 dicunt
1381 906 1457 995 (Gr.
1477 906 1549 994 AX),

214 995 283 1077 non
305 1009 486 1077 attendunt
505 1009 690 1077 discrimen
709 1011 875 1100 temporis
893 1014 945 1077 sat
964 1032 1131 1098 magnum
1150 1010 1242 1076 inter
1264 1017 1320 1094 9‚3
1341 1017 1376 1078 et
1404 1019 1419 1078 1
1444 1014 1550 1080 llach.

215 1123 283 1198 6,6.
307 1125 342 1198 7;
372 1116 454 1183 dein
477 1138 512 1183 se
533 1121 661 1202 gerunt
685 1139 724 1184 ac
744 1118 773 1185 si
792 1118 1047 1185 accuratissime
1075 1117 1202 1183 scirent
1227 1138 1401 1207 quaenam
1427 1118 1553 1184 itinera

213 1223 350 1291 duobus
363 1223 432 1289 illis
448 1222 548 1290 annis
565 1229 708 1290 166-166
726 1223 916 1291 Antiochus
934 1224 972 1290 in
989 1222 1188 1311 regionibus
1207 1222 1436 1291 orientalibus
1450 1224 1553 1290 fecis·

214 1337 263 1398 set
282 1329 337 1397 vel
359 1351 428 1396 non
449 1329 596 1396 iecisset.
617 1334 659 1396 At
684 1329 727 1396 de
745 1329 815 1396 illis
834 1330 923 1396 nihil
945 1330 1040 1396 aliud
1066 1328 1228 1411 innotuit,
1251 1329 1317 1396 nisi
1340 1329 1433 1419 quod
1453 1329 1552 1397 libris

214 1437 318 1504 tinch.
343 1440 377 1504 et
395 1435 513 1526 paucis
536 1435 605 1501 illis
625 1435 717 1526 apud
736 1436 918 1523 Polybium
939 1439 974 1503 et
993 1437 1191 1526 Appianum
1211 1437 1419 1503 continetur.
1443 1440 1552 1513 Quare

213 1564 343 1630 negare
362 1541 399 1608 id
414 1540 508 1631 quod
523 1547 580 1623 9,3
593 1542 788 1609 affirmatur
802 1548 852 1610 est
868 1564 990 1631 sapere
1004 1542 1082 1631 plus
1097 1562 1203 1631 quam
1219 1545 1366 1631 oportet.

258 1648 312 1717 Uti
327 1648 395 1716 iam
417 1670 456 1714 ex
481 1654 497 1715 1
519 1649 625 1716 Mach.
644 1655 751 1732 6,6.Ἷ
776 1648 1013 1738 consequitur,
1036 1647 1094 1714 hic
1113 1648 1204 1715 inter
1221 1670 1252 1713 v.
1280 1653 1298 1712 3
1317 1654 1351 1713 et
1373 1652 1392 1712 t
1413 1649 1553 1735 longius

213 1754 379 1844 temporis
403 1753 554 1844 spatium
580 1753 774 1823 intercedit.
804 1755 993 1822 Antiochus
1020 1775 1125 1843 quam
1155 1753 1309 1843 primum
1346 1752 1479 1821 audivit
1511 1754 1552 1820 de

203 1861 310 1928 clade
332 1860 491 1928 Nicanori
514 1865 548 1926 et
566 1861 743 1927 Timotheo
768 1860 911 1938 in'tlicta,
932 1860 1029 1927 illam
1052 1860 1090 1927 in
1114 1858 1251 1926 ludaeis
1274 1859 1394 1926 ulcisci
1419 1859 1549 1941 statuit,

212 1968 265 2034 ira
278 1966 422 2056 insuper
437 1988 601 2034 accensus
616 1966 659 2033 de
675 1973 791 2053 strage
807 1967 912 2034 modo
930 1969 1084 2054 accepta.
1106 1970 1231 2034 Verum
1246 1987 1267 2031 a
1285 1963 1430 2032 consilio
1450 1969 1552 2055 capto

211 2095 320 2162 usque
339 2072 383 2139 ad
403 2073 476 2139 eius
495 2072 717 2139 exsecutionis
737 2071 890 2153 initium,
907 2073 931 2137 i.
952 2095 983 2138 e.
1004 2094 1111 2161 usque
1132 2071 1177 2143 ad
1196 2072 1261 2137 iter
1279 2070 1456 2161 inceptum
1474 2094 1553 2139 ver-

211 2201 268 2245 sus
285 2178 457 2259 iudaeam,
475 2184 509 2245 et
523 2178 655 2244 bellurn
668 2179 705 2246 iu
725 2178 906 2246 Armenios
920 2184 955 2246 et
971 2177 1032 2244 alii
1051 2177 1168 2245 nuntii
1182 2176 1326 2245 infausti
1345 2183 1549 2246 evenerunt.

212 2284 323 2352 Facile
343 2306 478 2373 quoque
497 2283 716 2370 intelligitur,
734 2284 906 2373 quomodo
924 2283 985 2349 illa
1005 2292 1105 2363 κακία,
1129 2283 1190 2349 illa
1209 2283 1343 2349 malitia
1363 2305 1470 2371 quam
1485 2287 1552 2349 An·

212 2390 348 2458 tiochus
362 2412 397 2459 se
414 2394 592 2480 expertum
613 2412 683 2457 esse
704 2391 861 2480 putabat,
883 2389 1046 2471 effecerit,
1068 2393 1107 2457 ut
1127 2410 1167 2456 eo
1187 2388 1300 2475 magis
1321 2409 1426 2475 aegre
1446 2388 1552 2457 ferret

214 2504 246 2566 et
262 2499 467 2565 irasceretur
488 2496 530 2563 de
552 2495 697 2564 audacia
717 2495 937 2563 ludaeorum.
956 2499 1045 2573 Quae
1065 2495 1117 2561 ira
1132 2495 1234 2563 etiam
1252 2496 1365 2583 magis
1384 2496 1551 2563 accende-

213 2604 314 2672 batur
333 2603 442 2670 altero
462 2602 585 2670 nuntio
600 2602 643 2669 de
662 2602 759 2669 clade
779 2602 897 2690 Lysiae
917 2611 949 2669 et
969 2602 1072 2668 tertio
1091 2601 1133 2667 de
1153 2600 1284 2690 templo
1300 2601 1416 2668 denuo
1431 2622 1551 2669 conse·

212 2715 306 2777 crato
319 2714 352 2777 et
367 2710 409 2776 de
424 2709 603 2776 moenibus
617 2707 799 2779 exstructis
816 2710 846 2797 (1
860 2708 966 2776 llach.
985 2715 1054 2790 6,6.
1071 2708 1124 2796 7);
1142 2729 1249 2795 quare
1263 2707 1410 2773 celerem
1426 2730 1550 2796 capere

211 2816 330 2885 statuit
348 2815 535 2899 ultionem
556 2814 624 2883 iter
646 2815 848 2882 festinanter
871 2813 1036 2893 instituit;
1057 2814 1153 2880 iussit
1171 2814 1330 2899 aurigam
1348 2812 1422 2879 sine
1442 2814 1550 2881 inter-

212 2922 374 2990 missione
389 2922 523 3008 agitare
536 2920 678 3011 (equos)
699 2927 733 2989 et
749 2920 916 2987 conficere
938 2921 1016 2986 iter.
1038 2921 1073 2987 si
1098 2924 1214 2987 autem
1232 2919 1400 2987 iudicium
1416 2943 1435 2986 e
1454 2920 1549 2987 coelo

210 3027 432 3109 imminebat;
450 3047 532 3093 nam
554 3026 602 3092 ita
621 3026 810 3094 insolenter
828 3024 965 3092 locutus
985 3029 1060 3091 erat
1081 3047 1089 3090 ε
1114 3012 1348 3114 sepulcretum
1369 3046 1551 3092 commune

211 3132 414 3201 ludaeorum
430 3132 556 3199 faciam
573 3133 710 3223 (ποιήσω,
726 3131 803 3200 sim.
821 3134 855 3219 S)
870 3132 1071 3212 Ierusalem,
1087 3132 1230 3198 simulac
1246 3153 1436 3219 pervenero
1451 3130 1547 3197 illuc.

211 3239 278 3306 Sed
292 3239 437 3328 impium
450 3260 643 3305 sermonem
660 3247 775 3305 secuta
792 3244 841 3304 est
857 3259 968 3326 poena
989 3260 1020 3303 v.
1045 3244 1083 3317 53
1099 3237 1223 3302 morbo
1243 3241 1330 3302 Deus
1350 3237 1454 3302 lsrael
1470 3259 1549 3304 eum

212 3346 377 3435 percussit
394 3342 578 3411 insanabili
593 3350 627 3411 et
649 3343 826 3425 invisibili,
849 3348 969 3430 utpote
990 3340 1107 3429 quiin
1127 3340 1318 3407 visceribus
1336 3340 1430 3406 intus
1451 3362 1549 3427 gras-

212 3456 357 3533 saretur,
379 3451 548 3517 viscerum
583 3449 763 3517 doloribus
796 3440 975 3515 acerrimis
1006 3448 1221 3526 consisteret;
1258 3450 1420 3529 ἀνήκεστος
1452 3446 1550 3513 dolor

212 3557 381 3625 viscerum
402 3556 457 3624 cui
482 3556 675 3623 remedium
698 3576 758 3622 seu
783 3553 943 3622 levamen
964 3554 1078 3620 afferri
1099 3574 1169 3620 nou
1191 3558 1345 3643 poterat;
1369 3566 1401 3620 et
1428 3576 1550 3621 omaro

211 3666 425 3731 tatemerem
444 3674 613 3729 tormenta
634 3684 694 3730 seu
716 3661 887 3728 cruciatus
913 3665 1045 3743 βάσανοι.
1063 3666 1177 3726 Poena
1199 3659 1340 3725 talionis
1361 3680 1439 3725 eum
1462 3658 1548 3727 iuste

211 3770 315 3858 plecti
331 3775 451 3837 auctor
466 3773 584 3835 monet
600 3791 632 3835 v.
649 3775 680 3853 6,
700 3767 829 3858 quippe
850 3768 910 3856 qui
934 3765 1051 3832 multis
1070 3769 1103 3831 et
1123 3766 1232 3844 novis,
1255 3764 1402 3830 insolitis
1422 3769 1550 3845 ξενιζού-
1583 3764 1586 3771 ’

211 3907 275 3957 σαις
303 3875 511 3944 cruciatibus
542 3874 686 3942 aliorum
719 3874 847 3941 viscere
877 3879 1040 3954 torserat;
1077 3872 1209 3938 viscera
1241 3870 1549 3937 considerabantur

210 3988 387 4072 tamquam
408 3982 505 4049 sedes
523 3981 720 4061 affectuum,
744 3980 881 4063 amoris,
900 3978 1158 4045 misericordiae
1180 3983 1213 4043 et
1229 3977 1406 4044 variarum
1429 3977 1551 4043 motio-

210 4111 294 4156 num
314 4088 438 4167 animi;
456 4088 499 4155 de
512 4088 609 4154 novis
626 4087 834 4154 cruciatibus
847 4088 891 4154 el.
911 4107 987 4174 cap.
1004 4093 1035 4151 7.
1147 4078 1152 4087 ’

256 4200 379 4263 Verum
404 4193 562 4283 quamvis
588 4194 638 4260 ita
664 4194 733 4260 iam
756 4215 947 4283 percussus,
975 4197 1090 4258 tamen
1117 4190 1316 4258 nullatenus
1340 4190 1483 4256 cessavit
1505 4189 1550 4256 ab

210 4301 394 4369 insolentia
412 4320 465 4385 τῆς
491 4304 678 4388 ἀγερωχίας
702 4309 746 4367 ἔτι
773 4307 803 4367 δὲ
826 4299 941 4365 adbuc
965 4303 1079 4365 autem
1104 4298 1265 4386 superbia
1293 4296 1446 4384 repletus
1476 4301 1551 4361 erat

211 4409 328 4495 ignem
349 4407 486 4495 spirans
497 4405 607 4473 animi
624 4404 778 4473 sensibus
794 4410 826 4471 et
842 4403 1021 4471 affectibus
1036 4420 1099 4482 τοῖς
1115 4411 1221 4487 θυμοῖς
1238 4403 1273 4467 in
1289 4402 1446 4467 ludaeos.
1465 4402 1549 4466 Cum

211 4513 420 4580 celeritatem
442 4512 574 4579 itineris
595 4516 749 4599 urgeret,
769 4511 916 4597 contigit
935 4516 973 4575 ut
989 4511 1032 4575 de
1050 4531 1153 4575 curru
1173 4529 1251 4576 cum
1267 4508 1412 4595 strepitu
1433 4505 1551 4572 celeri-

210 4624 264 4687 ter
292 4618 424 4706 agitato
453 4617 630 4685 decideret
656 4624 688 4684 et
712 4616 843 4684 infelici
874 4639 954 4683 casu
981 4620 1176 4705 prostratus
1208 4612 1368 4680 omuibus
1395 4612 1550 4701 corporis

212 4724 378 4792 membris
405 4726 559 4811 graviter
583 4724 857 4813 distorqueretur
882 4746 914 4790 v.
937 4728 969 4789 7.
992 4722 1186 4811 Opponitur
1207 4720 1244 4786 in
1268 4741 1300 4783 v.
1329 4725 1349 4785 8
1372 4719 1445 4786 eius
1467 4716 1550 4785 olim

212 4831 391 4919 cogitandi
416 4828 580 4919 superbia
603 4835 636 4896 et
664 4829 922 4917 magnificentia
951 4827 1020 4895 risu
1046 4827 1154 4913 digua
1179 4825 1337 4892 infirmae
1359 4822 1569 4898 conditioni
