3625 5367
56 19 623 128 „w

716 417 745 473 2.
770 431 860 474 uaeu.
885 416 1025 486 att-23.
1477 421 1536 478 323

205 565 334 633 lonium
361 566 478 652 legere
504 570 553 633 est
581 564 674 654 apud
705 564 836 631 Lim'um
861 563 983 654 (tab),
1014 587 1117 654 quem
1143 566 1236 633 hune
1257 567 1478 656 Apollonium
1499 569 1537 634 in

206 676 399 761 Aegyptum
418 671 558 738 missum
579 669 686 760 aliqui
707 693 777 737 esse
799 673 1005 740 coniectent.
1027 676 1090 739 Per
1106 694 1185 739 eum
1207 673 1328 742 didicit
1348 675 1536 740 Antiochus
1633 729 1638 737 .

207 799 326 865 regem
342 777 609 845 Philometorem
624 777 775 843 alienum
795 799 864 843 esse
884 779 1042 844 ellectum
1059 801 1079 844 a
1093 779 1241 867 negotiis
1255 779 1414 846 Antiochi
1430 781 1532 866 regis.

207 887 252 951 Ea
271 885 343 952 scil.
360 883 534 970 legatione
555 883 739 951 Antiochus
760 884 887 951 certior
908 884 1019 952 factus
1038 890 1088 951 est
1107 892 1237 953 tutores
1258 886 1348 972 regis
1369 891 1404 952 et
1422 887 1534 975 ipsum

208 1012 324 1076 regem
355 991 547 1081 postulare,
581 996 618 1057 ut
644 989 710 1058 sibi
738 993 976 1058 restitueretur
1004 992 1194 1079 Coelesyria
1221 992 1398 1081 provincia
1431 994 1534 1082 (quae

208 1099 312 1164 etiam
337 1097 529 1166 Phoenicen
552 1105 585 1164 et
606 1097 833 1166 Palaestinam
854 1097 1173 1187 complectebatur),
1190 1121 1293 1186 quam
1317 1098 1533 1188 provinciam

207 1205 390 1270 Antiochus
413 1210 454 1271 lll
475 1209 613 1291 tlagnus
637 1204 713 1290 regi
738 1203 886 1293 Aegypti
907 1206 1098 1293 eripuerat,
1119 1203 1181 1271 sed
1205 1226 1310 1295 quam
1338 1206 1536 1295 Cleopatrae

207 1309 297 1376 filiae
328 1315 506 1399 tamquam
539 1311 653 1377 dotem
680 1333 715 1377 se
747 1311 907 1378 daturum
940 1311 1158 1400 promiserat,
1184 1333 1261 1378 cum
1293 1312 1486 1378 Ptolemaeo
1514 1316 1540 1374 V

208 1417 379 1505 Epiphani
402 1418 528 1506 nuptui
548 1417 754 1499 traderetur,
777 1423 812 1484 at
836 1439 941 1507 quam
964 1440 1141 1508 nunquam
1166 1417 1325 1486 restituit.
1347 1423 1418 1484 Huc
1439 1439 1539 1506 spec-

207 1527 281 1590 tant
307 1545 395 1611 quae
426 1523 600 1590 habentur
628 1525 722 1613 apud
750 1524 932 1611 Polybium
960 1525 1122 1613 (ar,17):
1149 1525 1336 1591 Antiochus
1370 1524 1429 1590 ubi
1453 1523 1540 1589 vidit

146 1690 149 1696 .
208 1628 390 1695 manifesto
407 1629 476 1695 iam
499 1629 745 1696 Alexandrinos
763 1629 807 1696 ad
825 1629 956 1697 bellum
973 1653 1036 1720 pro
1057 1630 1252 1718 Coelesyria
1271 1653 1307 1697 se
1322 1651 1536 1718 comparare,

209 1739 354 1802 Romam
382 1736 532 1822 legatum
560 1736 649 1802 misit
673 1735 890 1821 Meleagrum,
918 1736 978 1824 qui
999 1736 1107 1826 ipsius
1132 1737 1269 1803 nemine
1290 1736 1426 1804 senatui
1450 1757 1542 1803 nun-

174 1871 178 1878 ·
209 1841 311 1908 tiaret
337 1846 515 1908 attestans
544 1842 684 1909 foedera
711 1843 840 1910 diceret
859 1847 1000 1932 praeter
1029 1865 1130 1910 omne
1156 1843 1210 1911 ius
1241 1865 1262 1910 a
1284 1842 1480 1910 Ptolemaeo
1506 1865 1541 1909 se

210 1947 337 2015 invadi.
1418 1932 1422 1938 ⁵

255 2054 481 2121 Postulatione
496 2053 555 2120 illa
568 2054 707 2140 cognita
721 2061 754 2121 et
767 2062 882 2122 mente
897 2057 991 2141 regis
1005 2055 1147 2122 inimica
1161 2060 1342 2146 perspecta
1353 2055 1543 2123 Antiochus

210 2181 291 2226 suae
315 2161 492 2226 securitati
510 2160 704 2249 prospexit;
722 2184 829 2250 quare
855 2183 889 2228 se
913 2163 1057 2229 eontulit
1079 2168 1221 2253 loppen‚
1237 2162 1273 2227 in
1292 2162 1416 2230 urbem
1439 2163 1544 2227 mari-

211 2265 500 2355 timan1,portum
521 2253 719 2348 habentem,
736 2267 797 2333 ubi
818 2267 914 2333 varia
935 2267 1145 2334 ordinaverit
1165 2266 1209 2333 ad
1225 2268 1388 2334 arcendos
1403 2272 1545 2356 Aegyp-

212 2373 276 2440 tios
295 2372 442 2462 appulsu
461 2373 588 2456 litoris;
605 2374 685 2440 inde
705 2373 906 2454 Ierusalem;
924 2373 1129 2441 ludaeorum
1146 2396 1211 2462 ope
1228 2372 1408 2459 indigebat
1422 2378 1543 2440 contra

211 2479 407 2568 Aegyptios.
430 2479 617 2566 Magnifice,
639 2489 856 2568 μεγαλεμερῶς
881 2481 889 2533 l
895 2486 934 2561 A,
949 2485 1116 2561 ⁴19,23,l'4
1138 2479 1199 2567 al),
1219 2479 1280 2544 alli
1300 2488 1544 2566 μεγαλεπρεπῶς

212 2585 488 2675 splendidissime
508 2585 675 2675 excipitur
692 2608 712 2652 a
731 2590 848 2653 tasone
866 2592 900 2651 et
916 2586 1085 2652 aeivitate
1104 2591 1137 2652 et
1156 2585 1333 2674 recipitur,
1349 2585 1544 2652 introduci-

211 2697 268 2758 tur
282 2705 360 2758 o'um
382 2693 572 2778 gestatione
591 2693 798 2772 facularum,
814 2714 940 2781 pompa
959 2692 1207 2759 collucentibus
1223 2691 1358 2758 lacibus
1371 2690 1488 2772 dueta,
1511 2697 1545 2757 et

212 2820 289 2866 eum
306 2798 624 2865 acclamationibus.
642 2803 679 2864 ln
693 2798 757 2866 ista
771 2799 960 2888 mopnifice
972 2799 1167 2887 receptione
1180 2798 1251 2864 iam
1264 2798 1418 2864 cernitur
1433 2797 1544 2864 Helle-

211 2905 359 2972 nismum
386 2905 477 2995 apud
500 2904 627 2971 multos
652 2907 736 2972 altas
760 2905 869 2992 egisse
892 2903 1038 2971 radices.
1068 2909 1152 2972 Tum
1183 2911 1289 2986 οὕτως,
1311 2905 1358 2971 ita
1382 2909 1544 2993 exceptus

212 3011 284 3080 soil.
302 3019 333 3077 et
350 3011 538 3078 honoratus
556 3011 592 3078 in
612 3012 802 3079 Phoenicen
822 3012 995 3100 protectus
1010 3015 1076 3091 est,
1093 3012 1136 3078 cf.
1158 3017 1236 3094 3,35
1256 3019 1544 3100 κατεστρατοπέδευ-

213 3148 273 3198 σεν,
297 3123 334 3184 ut
357 3118 407 3183 ibi
428 3139 563 3207 quoque
585 3118 784 3207 provideret
811 3119 967 3209 periculo
994 3117 1080 3184 belli
1101 3117 1316 3184 imminentis
1340 3118 1545 3206 animosque

213 3224 279 3291 sibi
298 3224 497 3291 conciliaret
511 3229 571 3291 aut
583 3224 789 3316 exploraret.

258 3336 335 3396 Post
354 3338 421 3396 tres
440 3352 551 3397 annos
569 3329 640 3396 soil.
659 3354 679 3396 e
703 3328 895 3396 sacerdotio
917 3334 1072 3417 suscepto
1087 3327 1131 3415 (r.
1153 3328 1207 3416 10)
1222 3327 1311 3394 cirea
1328 3349 1458 3394 annum
1482 3333 1545 3392 172

214 3442 293 3505 ante
312 3423 389 3504 Chr.
408 3436 499 3502 misit
518 3441 615 3503 lason
634 3436 821 3503 llenelaum
845 3435 889 3500 ad
904 3455 1036 3520 regem,
1054 3432 1117 3523 qui
1137 3435 1300 3523 pecunias
1319 3435 1394 3520 regi
1415 3434 1549 3524 perier-

215 3549 278 3626 ret,
309 3544 425 3632 quales
448 3565 516 3609 non
535 3541 680 3621 dicitur;
703 3542 847 3628 cogitari
867 3547 976 3632 potest
1003 3541 1045 3606 de
1070 3539 1138 3607 illis
1158 3539 1331 3630 promissis
1354 3541 1391 3606 in
1410 3563 1444 3606 v.
1468 3547 1500 3608 8.
1524 3548 1544 3606 9

215 3650 270 3717 vel
289 3651 331 3718 de
352 3672 467 3717 annuo
489 3649 631 3732 tributo,
650 3661 682 3716 et
701 3648 743 3715 de
762 3648 916 3737 negotiis
936 3646 1135 3714 necessariis
1158 3655 1438 3731 ὑπομνηματισμοὺς
1457 3655 1547 3714 τελέ-

216 3786 302 3827 σαντα
327 3757 384 3845 qui
412 3778 464 3822 res
491 3757 627 3845 saepius
655 3761 940 3822 commemoratas
968 3752 1107 3820 tandem
1132 3753 1322 3843 perliceret,
1347 3751 1393 3817 ad
1418 3752 1546 3817 exitum

216 3863 431 3952 perduceret,
454 3884 532 3929 cum
552 3883 634 3949 rege
652 3867 877 3952 componeret
899 3860 1016 3927 veleb
1036 3882 1075 3927 eo
1100 3881 1262 3948 responsa
1282 3859 1463 3948 acciperet.
1482 3863 1546 3923 Vo-

216 3973 313 4036 catur
336 3969 502 4036 llenelaus
521 3969 628 4036 frater
646 3968 834 4058 supradicti
858 3966 1016 4048 Simonis,
1039 3965 1062 4032 i.
1085 3989 1115 4033 e.
1136 3965 1298 4032 delatoris
1320 3964 1546 4054 pecuniarum

216 4075 336 4166 templi
366 4083 422 4158 3,t
446 4097 516 4164 seq.
544 4081 619 4158 t,1;
648 4076 813 4166 losephus
838 4073 976 4164 quidem
1004 4096 1083 4140 eum
1113 4071 1197 4140 dicit
1215 4073 1355 4140 fratrem
1386 4072 1490 4140 Oniae
1515 4077 1548 4138 et

212 4181 343 4250 tasonis
356 4186 439 4249 natu
457 4182 640 4249 minimum
656 4188 690 4249 et
709 4203 832 4248 nomen
853 4181 927 4248 eius
945 4179 1121 4254 iudaieum
1143 4180 1273 4269 pariter
1292 4179 1430 4260 Oniam;
1448 4180 1477 4244 si
1496 4178 1546 4243 ita

217 4296 316 4369 esset,
334 4295 405 4358 tum
425 4310 495 4354 non
511 4290 628 4356 Simon
647 4289 855 4380 praedictus,
872 4287 930 4354 sed
952 4288 1070 4354 Simon
1087 4290 1112 4352 ll
1128 4285 1281 4375 pontifex
1297 4285 1352 4374 (cl.
1371 4285 1474 4350 Eeeli.
1491 4282 1546 4369 50)

217 4403 303 4464 esset
318 4397 393 4464 eius
405 4400 502 4486 pater
518 4395 575 4484 (ef.
592 4401 668 4462 Ant.
688 4401 822 4476 ta,5,1;
842 4393 974 4481 20,10).
992 4398 1034 4459 At
1049 4394 1192 4482 losepho
1211 4392 1277 4457 hae
1296 4390 1333 4457 in
1351 4412 1387 4455 re
1404 4389 1546 4455 minime

218 4510 267 4571 est
290 4502 485 4584 fidendum
512 4502 581 4568 iam
602 4500 836 4592 improbabile
860 4506 910 4567 est
935 4501 1111 4566 Simonem
1139 4503 1167 4565 ll
1197 4495 1332 4565 duobus
1355 4495 1435 4561 filiis
1456 4493 1547 4561 idem

219 4610 420 4699 imposuisse
441 4629 589 4691 nomen;
607 4610 769 4700 Iosephus
789 4609 929 4674 tortasse
950 4606 995 4672 ob
1017 4627 1144 4672 nomen
1167 4603 1312 4671 Simonis
1334 4604 1372 4670 in
1395 4621 1551 4669 errorem

219 4716 380 4784 inductus
400 4723 449 4783 cst
467 4715 520 4783 rel
541 4715 584 4782 ob
605 4715 798 4782 affectatum
822 4713 1061 4802 pontificatum
1081 4713 1170 4778 hane
1195 4711 1226 4777 ei
1245 4709 1441 4800 prosapiam
1457 4706 1555 4774 attri-

222 4822 311 4890 buit.
331 4827 414 4890 Cum
433 4828 553 4891 auctor
570 4828 684 4891 noster
700 4823 791 4890 clare
807 4842 886 4890 eum
906 4819 999 4886 dieat
1019 4819 1162 4886 fratrem
1176 4817 1322 4885 Simonis
1337 4821 1438 4885 antea
1460 4836 1553 4882 com-
